<?xml version="1.0" encoding="UTF-8"?>
<!DOCTYPE html PUBLIC "-//W3C//DTD XHTML 1.0 Transitional//EN"
    "http://www.w3.org/TR/xhtml1/DTD/xhtml1-transitional.dtd">
<html xmlns="http://www.w3.org/1999/xhtml" xml:lang="en" lang="en">
 <head>
  <title>
</title>
<meta http-equiv="Content-Type" content="text/html;charset=utf-8" />
  <meta name='ocr-system' content='tesseract 3.04.00' />
  <meta name='ocr-capabilities' content='ocr_page ocr_carea ocr_par ocr_line ocrx_word'/>
</head>
<body>
  <div class='ocr_page' id='page_1' title='image "./prolegomenaadho00wolfgoog/prolegomenaadho00wolfgoog_0162.png"; bbox 0 0 3034 4434; ppageno 0'>
   <div class='ocr_carea' id='block_1_1' title="bbox 734 547 912 600">
    <p class='ocr_par' dir='ltr' id='par_1_1' title="bbox 734 547 912 600">
     <span class='ocr_line' id='line_1_1' title="bbox 734 547 912 600; baseline -0.006 0"><span class='ocrx_word' id='word_1_1' title='bbox 734 547 847 600; x_wconf 80' lang='lat'>-142</span> <span class='ocrx_word' id='word_1_2' title='bbox 874 573 912 584; x_wconf 90' lang='lat'><em>-</em></span> 
     </span>
    </p>
   </div>
   <div class='ocr_carea' id='block_1_2' title="bbox 318 695 1329 1061">
    <p class='ocr_par' dir='ltr' id='par_1_2' title="bbox 318 695 1329 1061">
     <span class='ocr_line' id='line_1_2' title="bbox 320 695 1328 767; baseline 0.002 -13"><span class='ocrx_word' id='word_1_3' title='bbox 320 697 394 754; x_wconf 86' lang='lat' dir='ltr'>alius</span> <span class='ocrx_word' id='word_1_4' title='bbox 421 695 572 766; x_wconf 90' lang='lat' dir='ltr'>qnisquam</span> <span class='ocrx_word' id='word_1_5' title='bbox 594 695 854 752; x_wconf 81' lang='lat' dir='ltr'>Grammaticorum</span> <span class='ocrx_word' id='word_1_6' title='bbox 874 695 1059 754; x_wconf 82' lang='lat' dir='ltr'>Graecorum.</span> <span class='ocrx_word' id='word_1_7' title='bbox 1102 697 1169 767; x_wconf 79' lang='lat' dir='ltr'>Qua</span> <span class='ocrx_word' id='word_1_8' title='bbox 1188 698 1219 754; x_wconf 94' lang='lat' dir='ltr'>in</span> <span class='ocrx_word' id='word_1_9' title='bbox 1240 697 1328 756; x_wconf 90' lang='lat' dir='ltr'>abun-</span> 
     </span>
     <span class='ocr_line' id='line_1_3' title="bbox 320 770 1329 847; baseline 0.002 -16"><span class='ocrx_word' id='word_1_10' title='bbox 320 773 421 831; x_wconf 90' lang='lat' dir='ltr'>dantia</span> <span class='ocrx_word' id='word_1_11' title='bbox 440 772 583 829; x_wconf 91' lang='lat' dir='ltr'>materiae</span> <span class='ocrx_word' id='word_1_12' title='bbox 603 770 740 830; x_wconf 88' lang='lat' dir='ltr'>hocloco</span> <span class='ocrx_word' id='word_1_13' title='bbox 761 773 808 828; x_wconf 86' lang='lat' dir='ltr'>vix</span> <span class='ocrx_word' id='word_1_14' title='bbox 829 773 999 843; x_wconf 81' lang='lat' dir='ltr'>gravissima</span> <span class='ocrx_word' id='word_1_15' title='bbox 1019 789 1154 845; x_wconf 89' lang='lat' dir='ltr'>quaeque</span> <span class='ocrx_word' id='word_1_16' title='bbox 1175 775 1329 847; x_wconf 76' lang='lat' dir='ltr'>complecti</span> 
     </span>
     <span class='ocr_line' id='line_1_4' title="bbox 320 847 1327 924; baseline 0.003 -16"><span class='ocrx_word' id='word_1_17' title='bbox 320 866 421 920; x_wconf 88' lang='lat' dir='ltr'>conor,</span> <span class='ocrx_word' id='word_1_18' title='bbox 448 848 520 905; x_wconf 91' lang='lat' dir='ltr'>satis</span> <span class='ocrx_word' id='word_1_19' title='bbox 546 847 712 920; x_wconf 90' lang='lat' dir='ltr'>habiturus,</span> <span class='ocrx_word' id='word_1_20' title='bbox 740 849 767 905; x_wconf 89' lang='lat' dir='ltr'>si</span> <span class='ocrx_word' id='word_1_21' title='bbox 790 850 924 907; x_wconf 83' lang='lat' dir='ltr'>universe</span> <span class='ocrx_word' id='word_1_22' title='bbox 949 849 1092 921; x_wconf 81' lang='lat' dir='ltr'>quaedam</span> <span class='ocrx_word' id='word_1_23' title='bbox 1117 852 1327 924; x_wconf 87' lang='lat' dir='ltr'>percurrendo,</span> 
     </span>
     <span class='ocr_line' id='line_1_5' title="bbox 320 924 1329 1000; baseline 0.001 -15"><span class='ocrx_word' id='word_1_24' title='bbox 320 924 579 996; x_wconf 87' lang='lat' dir='ltr'>observationibus,</span> <span class='ocrx_word' id='word_1_25' title='bbox 600 925 638 983; x_wconf 90' lang='lat' dir='ltr'>ad</span> <span class='ocrx_word' id='word_1_26' title='bbox 659 925 788 998; x_wconf 81' lang='lat' dir='ltr'>singulos</span> <span class='ocrx_word' id='word_1_27' title='bbox 808 926 887 985; x_wconf 91' lang='lat' dir='ltr'>locos</span> <span class='ocrx_word' id='word_1_28' title='bbox 901 927 1020 985; x_wconf 87' lang='lat' dir='ltr'>Homeri</span> <span class='ocrx_word' id='word_1_29' title='bbox 1035 927 1203 1000; x_wconf 88' lang='lat' dir='ltr'>afferendis,</span> <span class='ocrx_word' id='word_1_30' title='bbox 1224 928 1329 987; x_wconf 90' lang='lat' dir='ltr'>idonea</span> 
     </span>
     <span class='ocr_line' id='line_1_6' title="bbox 318 1001 632 1061; baseline -0.006 -1"><span class='ocrx_word' id='word_1_31' title='bbox 318 1001 506 1060; x_wconf 85' lang='lat' dir='ltr'>fundamenta</span> <span class='ocrx_word' id='word_1_32' title='bbox 526 1003 632 1061; x_wconf 88' lang='lat' dir='ltr'>iecere.</span> 
     </span>
    </p>
   </div>
   <div class='ocr_carea' id='block_1_3' title="bbox 747 1163 886 1236">
    <p class='ocr_par' dir='ltr' id='par_1_3' title="bbox 747 1163 886 1236">
     <span class='ocr_line' id='line_1_7' title="bbox 747 1163 886 1236; baseline 0.014 -2"><span class='ocrx_word' id='word_1_33' title='bbox 747 1163 886 1236; x_wconf 88' lang='lat' dir='ltr'><strong>XLVI.</strong></span> 
     </span>
    </p>
   </div>
   <div class='ocr_carea' id='block_1_4' title="bbox 267 1309 1327 3153">
    <p class='ocr_par' dir='ltr' id='par_1_4' title="bbox 317 1309 1327 1998">
     <span class='ocr_line' id='line_1_8' title="bbox 395 1309 1327 1384; baseline 0 -14"><span class='ocrx_word' id='word_1_34' title='bbox 395 1313 479 1370; x_wconf 91' lang='lat' dir='ltr'>Hanc</span> <span class='ocrx_word' id='word_1_35' title='bbox 499 1312 536 1370; x_wconf 90' lang='lat' dir='ltr'>ad</span> <span class='ocrx_word' id='word_1_36' title='bbox 557 1328 619 1369; x_wconf 91' lang='lat' dir='ltr'>rem</span> <span class='ocrx_word' id='word_1_37' title='bbox 639 1310 836 1368; x_wconf 88' lang='lat' dir='ltr'>necessarium</span> <span class='ocrx_word' id='word_1_38' title='bbox 862 1316 908 1368; x_wconf 90' lang='lat' dir='ltr'>est</span> <span class='ocrx_word' id='word_1_39' title='bbox 927 1309 1078 1382; x_wconf 90' lang='lat' dir='ltr'>disputare</span> <span class='ocrx_word' id='word_1_40' title='bbox 1099 1310 1270 1384; x_wconf 82' lang='lat' dir='ltr'>diligentius</span> <span class='ocrx_word' id='word_1_41' title='bbox 1291 1313 1327 1370; x_wconf 92' lang='lat' dir='ltr'>de</span> 
     </span>
     <span class='ocr_line' id='line_1_9' title="bbox 319 1388 1325 1462; baseline -0.002 -14"><span class='ocrx_word' id='word_1_42' title='bbox 319 1390 396 1448; x_wconf 90' lang='lat' dir='ltr'>omni</span> <span class='ocrx_word' id='word_1_43' title='bbox 415 1390 528 1447; x_wconf 90' lang='lat' dir='ltr'>ratione</span> <span class='ocrx_word' id='word_1_44' title='bbox 550 1389 665 1446; x_wconf 90' lang='lat' dir='ltr'>critices</span> <span class='ocrx_word' id='word_1_45' title='bbox 686 1393 826 1456; x_wconf 88' lang='lat' dir='ltr'>veterum,</span> <span class='ocrx_word' id='word_1_46' title='bbox 846 1402 1002 1459; x_wconf 82' lang='lat' dir='ltr'>veramque</span> <span class='ocrx_word' id='word_1_47' title='bbox 1024 1388 1085 1445; x_wconf 90' lang='lat' dir='ltr'>eius</span> <span class='ocrx_word' id='word_1_48' title='bbox 1106 1389 1205 1448; x_wconf 88' lang='lat' dir='ltr'>animo</span> <span class='ocrx_word' id='word_1_49' title='bbox 1219 1405 1325 1462; x_wconf 86' lang='lat' dir='ltr'>capere</span> 
     </span>
     <span class='ocr_line' id='line_1_10' title="bbox 318 1461 1326 1541; baseline -0.001 -16"><span class='ocrx_word' id='word_1_50' title='bbox 318 1468 453 1541; x_wconf 90' lang='lat' dir='ltr'>speciem</span> <span class='ocrx_word' id='word_1_51' title='bbox 473 1466 608 1525; x_wconf 90' lang='lat' dir='ltr'>Nondum</span> <span class='ocrx_word' id='word_1_52' title='bbox 619 1481 695 1522; x_wconf 93' lang='lat' dir='ltr'>emm</span> <span class='ocrx_word' id='word_1_53' title='bbox 705 1481 737 1521; x_wconf 88' lang='lat' dir='ltr'>sa</span> <span class='ocrx_word' id='word_1_54' title='bbox 739 1469 776 1522; x_wconf 85' lang='lat' dir='ltr'>rs</span> <span class='ocrx_word' id='word_1_55' title='bbox 739 1461 863 1521; x_wconf 84' lang='lat' dir='ltr'>rei</span> <span class='ocrx_word' id='word_1_56' title='bbox 831 1464 1016 1535; x_wconf 83' lang='lat' dir='ltr'>anmus10)</span> <span class='ocrx_word' id='word_1_57' title='bbox 1024 1465 1174 1536; x_wconf 80' lang='lat' dir='ltr'>ungar-em</span> <span class='ocrx_word' id='word_1_58' title='bbox 1185 1482 1326 1538; x_wconf 91' lang='lat' dir='ltr'>errorem</span> 
     </span>
     <span class='ocr_line' id='line_1_11' title="bbox 319 1539 1325 1634; baseline -0.002 -32"><span class='ocrx_word' id='word_1_59' title='bbox 319 1560 375 1634; x_wconf 84' lang='lat' dir='ltr'>quo</span> <span class='ocrx_word' id='word_1_60' title='bbox 400 1542 486 1602; x_wconf 89' lang='lat' dir='ltr'>facile</span> <span class='ocrx_word' id='word_1_61' title='bbox 507 1542 638 1600; x_wconf 89' lang='lat' dir='ltr'>ducimur</span> <span class='ocrx_word' id='word_1_62' title='bbox 662 1557 775 1613; x_wconf 89' lang='lat' dir='ltr'>omnes,</span> <span class='ocrx_word' id='word_1_63' title='bbox 802 1546 835 1598; x_wconf 91' lang='lat' dir='ltr'>ut</span> <span class='ocrx_word' id='word_1_64' title='bbox 855 1539 927 1598; x_wconf 85' lang='lat' dir='ltr'>Crit</span> <span class='ocrx_word' id='word_1_65' title='bbox 906 1546 978 1600; x_wconf 78' lang='lat' dir='ltr'>ticos</span> <span class='ocrx_word' id='word_1_66' title='bbox 1004 1542 1187 1632; x_wconf 80' lang='lat' dir='ltr'>antiquitatis</span> <span class='ocrx_word' id='word_1_67' title='bbox 1213 1543 1325 1615; x_wconf 90' lang='lat' dir='ltr'>horum,</span> 
     </span>
     <span class='ocr_line' id='line_1_12' title="bbox 319 1617 1324 1694; baseline -0.002 -16"><span class='ocrx_word' id='word_1_68' title='bbox 319 1623 367 1694; x_wconf 92' lang='lat' dir='ltr'>qui</span> <span class='ocrx_word' id='word_1_69' title='bbox 387 1638 462 1679; x_wconf 92' lang='lat' dir='ltr'>nnnc</span> <span class='ocrx_word' id='word_1_70' title='bbox 482 1625 557 1690; x_wconf 86' lang='lat' dir='ltr'>sunt,</span> <span class='ocrx_word' id='word_1_71' title='bbox 578 1619 747 1691; x_wconf 84' lang='lat' dir='ltr'>similest</span> <span class='ocrx_word' id='word_1_72' title='bbox 716 1623 809 1707; x_wconf 84' lang='lat' dir='ltr'>atque</span> <span class='ocrx_word' id='word_1_73' title='bbox 817 1617 899 1675; x_wconf 85' lang='lat' dir='ltr'>Arist</span> <span class='ocrx_word' id='word_1_74' title='bbox 900 1618 1046 1676; x_wconf 90' lang='lat' dir='ltr'>archum</span> <span class='ocrx_word' id='word_1_75' title='bbox 1037 1635 1067 1674; x_wconf 94' lang='lat' dir='ltr'>m</span> <span class='ocrx_word' id='word_1_76' title='bbox 1081 1620 1182 1692; x_wconf 88' lang='lat' dir='ltr'>primis</span> <span class='ocrx_word' id='word_1_77' title='bbox 1196 1620 1324 1679; x_wconf 89' lang='lat' dir='ltr'>Bentleii</span> 
     </span>
     <span class='ocr_line' id='line_1_13' title="bbox 319 1694 1321 1769; baseline -0.001 -13"><span class='ocrx_word' id='word_1_78' title='bbox 319 1714 371 1756; x_wconf 89' lang='lat' dir='ltr'>seu</span> <span class='ocrx_word' id='word_1_79' title='bbox 391 1696 590 1765; x_wconf 84' lang='lat' dir='ltr'>Valckenarii,</span> <span class='ocrx_word' id='word_1_80' title='bbox 618 1711 671 1754; x_wconf 89' lang='lat' dir='ltr'>seu</span> <span class='ocrx_word' id='word_1_81' title='bbox 697 1694 826 1766; x_wconf 88' lang='lat' dir='ltr'>quisquis</span> <span class='ocrx_word' id='word_1_82' title='bbox 851 1695 970 1767; x_wconf 88' lang='lat' dir='ltr'>antiqua</span> <span class='ocrx_word' id='word_1_83' title='bbox 989 1696 1099 1768; x_wconf 89' lang='lat' dir='ltr'>scripta</span> <span class='ocrx_word' id='word_1_84' title='bbox 1118 1697 1184 1768; x_wconf 89' lang='lat' dir='ltr'>pari</span> <span class='ocrx_word' id='word_1_85' title='bbox 1203 1697 1321 1769; x_wconf 81' lang='lat' dir='ltr'>ingenio</span> 
     </span>
     <span class='ocr_line' id='line_1_14' title="bbox 319 1772 1322 1848; baseline -0.003 -14"><span class='ocrx_word' id='word_1_86' title='bbox 319 1776 436 1848; x_wconf 82' lang='lat' dir='ltr'>expolit,</span> <span class='ocrx_word' id='word_1_87' title='bbox 456 1776 541 1846; x_wconf 81' lang='lat' dir='ltr'>longe</span> <span class='ocrx_word' id='word_1_88' title='bbox 562 1773 736 1830; x_wconf 90' lang='lat' dir='ltr'>simillimum</span> <span class='ocrx_word' id='word_1_89' title='bbox 755 1777 899 1844; x_wconf 91' lang='lat' dir='ltr'>putemus.</span> <span class='ocrx_word' id='word_1_90' title='bbox 933 1772 1024 1843; x_wconf 91' lang='lat' dir='ltr'>quue</span> <span class='ocrx_word' id='word_1_91' title='bbox 1043 1773 1127 1832; x_wconf 89' lang='lat' dir='ltr'>nobis</span> <span class='ocrx_word' id='word_1_92' title='bbox 1140 1772 1322 1847; x_wconf 86' lang='lat' dir='ltr'>persuadere</span> 
     </span>
     <span class='ocr_line' id='line_1_15' title="bbox 317 1848 1321 1924; baseline 0 -14"><span class='ocrx_word' id='word_1_93' title='bbox 317 1853 418 1911; x_wconf 85' lang='lat' dir='ltr'>volunt</span> <span class='ocrx_word' id='word_1_94' title='bbox 438 1852 526 1909; x_wconf 89' lang='lat' dir='ltr'>allato</span> <span class='ocrx_word' id='word_1_95' title='bbox 548 1850 643 1921; x_wconf 80' lang='lat' dir='ltr'>elogio</span> <span class='ocrx_word' id='word_1_96' title='bbox 661 1848 838 1920; x_wconf 90' lang='lat' dir='ltr'>Horatiano,</span> <span class='ocrx_word' id='word_1_97' title='bbox 863 1850 921 1904; x_wconf 73' lang='lat' dir='ltr'>Fiet</span> <span class='ocrx_word' id='word_1_98' title='bbox 942 1850 1133 1921; x_wconf 70' lang='lat' dir='ltr'>Aristarchei,</span> <span class='ocrx_word' id='word_1_99' title='bbox 1157 1852 1205 1909; x_wconf 90' lang='lat' dir='ltr'>oui</span> <span class='ocrx_word' id='word_1_100' title='bbox 1226 1851 1321 1924; x_wconf 80' lang='lat' dir='ltr'>elogio</span> 
     </span>
     <span class='ocr_line' id='line_1_16' title="bbox 319 1924 931 1998; baseline -0.01 -11"><span class='ocrx_word' id='word_1_101' title='bbox 319 1929 407 1988; x_wconf 89' lang='lat' dir='ltr'>etiam</span> <span class='ocrx_word' id='word_1_102' title='bbox 427 1927 636 1984; x_wconf 89' lang='lat' dir='ltr'>Panaetianum</span> <span class='ocrx_word' id='word_1_103' title='bbox 656 1924 766 1984; x_wconf 90' lang='lat' dir='ltr'>addere</span> <span class='ocrx_word' id='word_1_104' title='bbox 786 1930 931 1998; x_wconf 89' lang='lat' dir='ltr'>poterant.</span> 
     </span>
    </p>

    <p class='ocr_par' dir='ltr' id='par_1_5' title="bbox 316 2002 1326 2383">
     <span class='ocr_line' id='line_1_17' title="bbox 397 2002 1320 2076; baseline -0.002 -14"><span class='ocrx_word' id='word_1_105' title='bbox 397 2003 464 2069; x_wconf 86' lang='lat' dir='ltr'>Sed,</span> <span class='ocrx_word' id='word_1_106' title='bbox 484 2008 517 2060; x_wconf 90' lang='grc' dir='ltr'>ιιι</span> <span class='ocrx_word' id='word_1_107' title='bbox 535 2019 553 2060; x_wconf 88' lang='grc' dir='ltr'>ι</span> <span class='ocrx_word' id='word_1_108' title='bbox 570 2002 731 2075; x_wconf 89' lang='lat' dir='ltr'>posteriore</span> <span class='ocrx_word' id='word_1_109' title='bbox 755 2002 862 2074; x_wconf 90' lang='lat' dir='ltr'>ordiar,</span> <span class='ocrx_word' id='word_1_110' title='bbox 882 2002 953 2060; x_wconf 91' lang='lat' dir='ltr'>illud</span> <span class='ocrx_word' id='word_1_111' title='bbox 974 2003 1012 2060; x_wconf 89' lang='lat' dir='ltr'>ad</span> <span class='ocrx_word' id='word_1_112' title='bbox 1025 2004 1216 2076; x_wconf 83' lang='lat' dir='ltr'>interpretem</span> <span class='ocrx_word' id='word_1_113' title='bbox 1229 2004 1320 2076; x_wconf 89' lang='lat' dir='ltr'>perti·</span> 
     </span>
     <span class='ocr_line' id='line_1_18' title="bbox 316 2077 1320 2146; baseline 0 -6"><span class='ocrx_word' id='word_1_114' title='bbox 316 2085 369 2140; x_wconf 90' lang='lat' dir='ltr'>net</span> <span class='ocrx_word' id='word_1_115' title='bbox 388 2077 551 2146; x_wconf 80' lang='lat' dir='ltr'>manifeste,</span> <span class='ocrx_word' id='word_1_116' title='bbox 571 2095 628 2136; x_wconf 91' lang='lat' dir='ltr'>non</span> <span class='ocrx_word' id='word_1_117' title='bbox 647 2078 685 2136; x_wconf 88' lang='lat' dir='ltr'>ad</span> <span class='ocrx_word' id='word_1_118' title='bbox 704 2079 928 2138; x_wconf 87' lang='lat' dir='ltr'>emendatorem.</span> <span class='ocrx_word' id='word_1_119' title='bbox 960 2079 1076 2139; x_wconf 86' lang='lat' dir='ltr'>Horatii</span> <span class='ocrx_word' id='word_1_120' title='bbox 1097 2096 1166 2138; x_wconf 86' lang='lat' dir='ltr'>vero</span> <span class='ocrx_word' id='word_1_121' title='bbox 1179 2085 1244 2139; x_wconf 93' lang='lat' dir='ltr'>tota</span> <span class='ocrx_word' id='word_1_122' title='bbox 1257 2095 1320 2140; x_wconf 90' lang='lat' dir='ltr'>seu-</span> 
     </span>
     <span class='ocr_line' id='line_1_19' title="bbox 318 2155 1326 2228; baseline -0.003 -13"><span class='ocrx_word' id='word_1_123' title='bbox 318 2157 411 2216; x_wconf 89' lang='lat' dir='ltr'>tentia</span> <span class='ocrx_word' id='word_1_124' title='bbox 430 2155 497 2213; x_wconf 87' lang='lat' dir='ltr'>talis</span> <span class='ocrx_word' id='word_1_125' title='bbox 518 2161 571 2227; x_wconf 88' lang='lat' dir='ltr'>est,</span> <span class='ocrx_word' id='word_1_126' title='bbox 591 2156 621 2212; x_wconf 93' lang='lat' dir='ltr'>in</span> <span class='ocrx_word' id='word_1_127' title='bbox 642 2171 699 2227; x_wconf 90' lang='lat' dir='ltr'>qua</span> <span class='ocrx_word' id='word_1_128' title='bbox 718 2157 744 2213; x_wconf 91' lang='lat' dir='ltr'>si</span> <span class='ocrx_word' id='word_1_129' title='bbox 763 2171 816 2228; x_wconf 92' lang='lat' dir='ltr'>pro</span> <span class='ocrx_word' id='word_1_130' title='bbox 838 2158 997 2213; x_wconf 71' lang='lat' dir='ltr'>Aristarcho</span> <span class='ocrx_word' id='word_1_131' title='bbox 1019 2156 1212 2215; x_wconf 91' lang='lat' dir='ltr'>substituatur</span> <span class='ocrx_word' id='word_1_132' title='bbox 1239 2160 1326 2213; x_wconf 80' lang='lat' dir='ltr'>Rom-</span> 
     </span>
     <span class='ocr_line' id='line_1_20' title="bbox 319 2232 1325 2307; baseline 0.001 -17"><span class='ocrx_word' id='word_1_133' title='bbox 319 2238 389 2290; x_wconf 73' lang='lat' dir='ltr'>lerae</span> <span class='ocrx_word' id='word_1_134' title='bbox 408 2238 516 2304; x_wconf 91' lang='lat' dir='ltr'>noster,</span> <span class='ocrx_word' id='word_1_135' title='bbox 538 2232 694 2290; x_wconf 89' lang='lat' dir='ltr'>acerrimus</span> <span class='ocrx_word' id='word_1_136' title='bbox 715 2233 875 2292; x_wconf 90' lang='lat' dir='ltr'>alienorum</span> <span class='ocrx_word' id='word_1_137' title='bbox 890 2233 1056 2293; x_wconf 83' lang='lat' dir='ltr'>Garminum</span> <span class='ocrx_word' id='word_1_138' title='bbox 1070 2234 1242 2307; x_wconf 84' lang='lat' dir='ltr'>castigator,</span> <span class='ocrx_word' id='word_1_139' title='bbox 1262 2251 1325 2292; x_wconf 89' lang='lat' dir='ltr'>mu·</span> 
     </span>
     <span class='ocr_line' id='line_1_21' title="bbox 317 2307 1323 2383; baseline 0 -15"><span class='ocrx_word' id='word_1_140' title='bbox 317 2312 457 2369; x_wconf 86' lang='lat' dir='ltr'>tationem</span> <span class='ocrx_word' id='word_1_141' title='bbox 477 2311 557 2367; x_wconf 83' lang='lat' dir='ltr'>iuxta</span> <span class='ocrx_word' id='word_1_142' title='bbox 576 2307 672 2367; x_wconf 89' lang='lat' dir='ltr'>ferant</span> <span class='ocrx_word' id='word_1_143' title='bbox 691 2310 722 2382; x_wconf 92' lang='lat' dir='ltr'>ii,</span> <span class='ocrx_word' id='word_1_144' title='bbox 743 2312 793 2382; x_wconf 92' lang='lat' dir='ltr'>qui</span> <span class='ocrx_word' id='word_1_145' title='bbox 806 2310 890 2368; x_wconf 91' lang='lat' dir='ltr'>huius</span> <span class='ocrx_word' id='word_1_146' title='bbox 905 2312 1014 2371; x_wconf 88' lang='lat' dir='ltr'>iudicia</span> <span class='ocrx_word' id='word_1_147' title='bbox 1025 2311 1156 2383; x_wconf 88' lang='lat' dir='ltr'>laudant,</span> <span class='ocrx_word' id='word_1_148' title='bbox 1179 2317 1211 2370; x_wconf 93' lang='lat' dir='ltr'>et</span> <span class='ocrx_word' id='word_1_149' title='bbox 1225 2311 1323 2383; x_wconf 90' lang='lat' dir='ltr'>quiea</span> 
     </span>
    </p>

    <p class='ocr_par' dir='ltr' id='par_1_6' title="bbox 267 2386 1327 3153">
     <span class='ocr_line' id='line_1_22' title="bbox 267 2386 1324 2461; baseline -0.002 -14"><span class='ocrx_word' id='word_1_150' title='bbox 267 2399 305 2441; x_wconf 73' lang='grc' dir='ltr'>ιι</span> <span class='ocrx_word' id='word_1_151' title='bbox 317 2388 537 2461; x_wconf 85' lang='lat' dir='ltr'>adspernantur.</span> <span class='ocrx_word' id='word_1_152' title='bbox 569 2386 640 2444; x_wconf 92' lang='lat' dir='ltr'>Inde</span> <span class='ocrx_word' id='word_1_153' title='bbox 661 2393 793 2460; x_wconf 88' lang='lat' dir='ltr'>apparet,</span> <span class='ocrx_word' id='word_1_154' title='bbox 821 2386 959 2447; x_wconf 86' lang='lat' dir='ltr'>Critioum</span> <span class='ocrx_word' id='word_1_155' title='bbox 979 2389 1020 2447; x_wconf 91' lang='lat' dir='ltr'>ibi</span> <span class='ocrx_word' id='word_1_156' title='bbox 1038 2388 1094 2447; x_wconf 90' lang='lat' dir='ltr'>hac</span> <span class='ocrx_word' id='word_1_157' title='bbox 1114 2386 1324 2460; x_wconf 85' lang='lat' dir='ltr'>significatione</span> 
     </span>
     <span class='ocr_line' id='line_1_23' title="bbox 321 2463 1327 2538; baseline -0.001 -14"><span class='ocrx_word' id='word_1_158' title='bbox 321 2471 422 2525; x_wconf 87' lang='lat' dir='ltr'>nostra</span> <span class='ocrx_word' id='word_1_159' title='bbox 441 2482 497 2524; x_wconf 90' lang='lat' dir='ltr'>non</span> <span class='ocrx_word' id='word_1_160' title='bbox 519 2463 584 2521; x_wconf 91' lang='lat' dir='ltr'>dici.</span> <span class='ocrx_word' id='word_1_161' title='bbox 623 2464 685 2522; x_wconf 92' lang='lat' dir='ltr'>Iam</span> <span class='ocrx_word' id='word_1_162' title='bbox 705 2464 782 2535; x_wconf 88' lang='lat' dir='ltr'>quod</span> <span class='ocrx_word' id='word_1_163' title='bbox 798 2464 893 2523; x_wconf 91' lang='lat' dir='ltr'>minus</span> <span class='ocrx_word' id='word_1_164' title='bbox 907 2466 1052 2538; x_wconf 80' lang='lat' dir='ltr'>ambigue,</span> <span class='ocrx_word' id='word_1_165' title='bbox 1071 2465 1141 2524; x_wconf 90' lang='lat' dir='ltr'>licet</span> <span class='ocrx_word' id='word_1_166' title='bbox 1154 2481 1209 2537; x_wconf 93' lang='lat' dir='ltr'>per</span> <span class='ocrx_word' id='word_1_167' title='bbox 1221 2465 1327 2533; x_wconf 88' lang='lat' dir='ltr'>iocum,</span> 
     </span>
     <span class='ocr_line' id='line_1_24' title="bbox 322 2541 1326 2615; baseline -0.007 -13"><span class='ocrx_word' id='word_1_168' title='bbox 322 2543 423 2602; x_wconf 75' lang='lat' dir='ltr'>scribit</span> <span class='ocrx_word' id='word_1_169' title='bbox 444 2542 544 2601; x_wconf 80' lang='lat' dir='ltr'>Cicero</span> <span class='ocrx_word' id='word_1_170' title='bbox 551 2541 602 2614; x_wconf 80' lang='lat'>¹¹),</span> <span class='ocrx_word' id='word_1_171' title='bbox 630 2543 818 2597; x_wconf 67' lang='lat' dir='ltr'>Aristarchum</span> <span class='ocrx_word' id='word_1_172' title='bbox 839 2543 952 2598; x_wconf 81' lang='lat' dir='ltr'>Homeri</span> <span class='ocrx_word' id='word_1_173' title='bbox 969 2563 1062 2598; x_wconf 78' lang='lat' dir='ltr'>versus</span> <span class='ocrx_word' id='word_1_174' title='bbox 1081 2545 1235 2615; x_wconf 69' lang='lat' dir='ltr'>reperiare,</span> <span class='ocrx_word' id='word_1_175' title='bbox 1261 2561 1326 2614; x_wconf 80' lang='lat' dir='ltr'>quoe</span> 
     </span>
     <span class='ocr_line' id='line_1_25' title="bbox 321 2617 1324 2692; baseline -0.003 -15"><span class='ocrx_word' id='word_1_176' title='bbox 321 2641 375 2677; x_wconf 80' lang='lat' dir='ltr'>ooo</span> <span class='ocrx_word' id='word_1_177' title='bbox 392 2621 562 2691; x_wconf 65' lang='lat' dir='ltr'>motaverit,</span> <span class='ocrx_word' id='word_1_178' title='bbox 587 2635 655 2675; x_wconf 92' lang='lat' dir='ltr'>num</span> <span class='ocrx_word' id='word_1_179' title='bbox 675 2618 729 2677; x_wconf 91' lang='lat' dir='ltr'>hoc</span> <span class='ocrx_word' id='word_1_180' title='bbox 748 2619 856 2676; x_wconf 88' lang='lat' dir='ltr'>certius</span> <span class='ocrx_word' id='word_1_181' title='bbox 877 2618 1030 2691; x_wconf 81' lang='lat' dir='ltr'>significat,</span> <span class='ocrx_word' id='word_1_182' title='bbox 1056 2619 1220 2692; x_wconf 88' lang='lat' dir='ltr'>principem</span> <span class='ocrx_word' id='word_1_183' title='bbox 1242 2617 1324 2678; x_wconf 84' lang='lat' dir='ltr'>criti·</span> 
     </span>
     <span class='ocr_line' id='line_1_26' title="bbox 323 2695 1323 2766; baseline -0.002 -12"><span class='ocrx_word' id='word_1_184' title='bbox 323 2713 421 2754; x_wconf 92' lang='lat' dir='ltr'>corum</span> <span class='ocrx_word' id='word_1_185' title='bbox 432 2701 524 2753; x_wconf 90' lang='lat' dir='ltr'>artem</span> <span class='ocrx_word' id='word_1_186' title='bbox 538 2695 703 2766; x_wconf 83' lang='lat' dir='ltr'>corrigendi</span> <span class='ocrx_word' id='word_1_187' title='bbox 716 2695 754 2752; x_wconf 89' lang='lat' dir='ltr'>ad</span> <span class='ocrx_word' id='word_1_188' title='bbox 768 2695 984 2759; x_wconf 80' lang='lat' dir='ltr'>huuonostrum</span> <span class='ocrx_word' id='word_1_189' title='bbox 998 2695 1114 2755; x_wconf 93' lang='lat' dir='ltr'>modum</span> <span class='ocrx_word' id='word_1_190' title='bbox 1128 2701 1158 2753; x_wconf 90' lang='lat' dir='ltr'>et</span> <span class='ocrx_word' id='word_1_191' title='bbox 1168 2701 1323 2754; x_wconf 86' lang='lat' dir='ltr'>accuratae</span> 
     </span>
     <span class='ocr_line' id='line_1_27' title="bbox 324 2770 1322 2847; baseline -0.002 -17"><span class='ocrx_word' id='word_1_192' title='bbox 324 2773 494 2846; x_wconf 88' lang='lat' dir='ltr'>disciplinae</span> <span class='ocrx_word' id='word_1_193' title='bbox 508 2770 658 2830; x_wconf 82' lang='lat' dir='ltr'>formulam</span> <span class='ocrx_word' id='word_1_194' title='bbox 673 2773 857 2830; x_wconf 80' lang='lat' dir='ltr'>exercuisse?</span> <span class='ocrx_word' id='word_1_195' title='bbox 872 2788 909 2829; x_wconf 91' lang='lat' dir='ltr'>an</span> <span class='ocrx_word' id='word_1_196' title='bbox 922 2774 1018 2847; x_wconf 89' lang='lat' dir='ltr'>potius</span> <span class='ocrx_word' id='word_1_197' title='bbox 1032 2772 1153 2831; x_wconf 86' lang='lat' dir='ltr'>credere</span> <span class='ocrx_word' id='word_1_198' title='bbox 1166 2789 1219 2831; x_wconf 92' lang='lat' dir='ltr'>nos</span> <span class='ocrx_word' id='word_1_199' title='bbox 1235 2773 1322 2844; x_wconf 80' lang='lat' dir='ltr'>cogit,</span> 
     </span>
     <span class='ocr_line' id='line_1_28' title="bbox 323 2849 1321 2923; baseline 0 -17"><span class='ocrx_word' id='word_1_200' title='bbox 323 2849 403 2906; x_wconf 91' lang='lat' dir='ltr'>illum</span> <span class='ocrx_word' id='word_1_201' title='bbox 417 2850 550 2920; x_wconf 84' lang='lat' dir='ltr'>neglecta</span> <span class='ocrx_word' id='word_1_202' title='bbox 565 2850 658 2921; x_wconf 91' lang='lat' dir='ltr'>prima</span> <span class='ocrx_word' id='word_1_203' title='bbox 670 2849 736 2921; x_wconf 80' lang='lat' dir='ltr'>lege</span> <span class='ocrx_word' id='word_1_204' title='bbox 749 2849 890 2907; x_wconf 89' lang='lat' dir='ltr'>historiae</span> <span class='ocrx_word' id='word_1_205' title='bbox 903 2858 1031 2908; x_wconf 89' lang='lat' dir='ltr'>mutasse</span> <span class='ocrx_word' id='word_1_206' title='bbox 1045 2854 1076 2907; x_wconf 90' lang='lat' dir='ltr'>et</span> <span class='ocrx_word' id='word_1_207' title='bbox 1090 2849 1265 2923; x_wconf 83' lang='lat' dir='ltr'>expunxisse</span> <span class='ocrx_word' id='word_1_208' title='bbox 1279 2865 1321 2918; x_wconf 87' lang='lat' dir='ltr'>ea,</span> 
     </span>
     <span class='ocr_line' id='line_1_29' title="bbox 322 2924 1325 2998; baseline 0 -16"><span class='ocrx_word' id='word_1_209' title='bbox 322 2925 353 2982; x_wconf 91' lang='lat' dir='ltr'>in</span> <span class='ocrx_word' id='word_1_210' title='bbox 373 2924 477 2997; x_wconf 90' lang='lat' dir='ltr'>quibus</span> <span class='ocrx_word' id='word_1_211' title='bbox 497 2925 640 2984; x_wconf 89' lang='lat' dir='ltr'>Homerus</span> <span class='ocrx_word' id='word_1_212' title='bbox 661 2942 793 2998; x_wconf 89' lang='lat' dir='ltr'>peccare,</span> <span class='ocrx_word' id='word_1_213' title='bbox 813 2926 880 2997; x_wconf 92' lang='lat' dir='ltr'>labi,</span> <span class='ocrx_word' id='word_1_214' title='bbox 904 2926 1059 2986; x_wconf 87' lang='lat' dir='ltr'>dormitare</span> <span class='ocrx_word' id='word_1_215' title='bbox 1079 2926 1250 2984; x_wconf 78' lang='lat' dir='ltr'>videretur?</span> <span class='ocrx_word' id='word_1_216' title='bbox 1275 2926 1325 2984; x_wconf 88' lang='lat' dir='ltr'>Se·</span> 
     </span>
     <span class='ocr_line' id='line_1_30' title="bbox 322 3001 1323 3076; baseline -0.003 -17"><span class='ocrx_word' id='word_1_217' title='bbox 322 3017 394 3059; x_wconf 90' lang='lat' dir='ltr'>neca</span> <span class='ocrx_word' id='word_1_218' title='bbox 414 3001 532 3072; x_wconf 88' lang='lat' dir='ltr'>quidem</span> <span class='ocrx_word' id='word_1_219' title='bbox 554 3019 602 3061; x_wconf 89' lang='lat' dir='ltr'>eos</span> <span class='ocrx_word' id='word_1_220' title='bbox 617 3018 726 3076; x_wconf 86' lang='lat' dir='ltr'>versus,</span> <span class='ocrx_word' id='word_1_221' title='bbox 746 3019 817 3074; x_wconf 90' lang='lat' dir='ltr'>quos</span> <span class='ocrx_word' id='word_1_222' title='bbox 831 3003 1018 3062; x_wconf 84' lang='lat' dir='ltr'>Aristarchus</span> <span class='ocrx_word' id='word_1_223' title='bbox 1031 3007 1200 3075; x_wconf 80' lang='lat' dir='ltr'>negaverat,</span> <span class='ocrx_word' id='word_1_224' title='bbox 1222 3004 1323 3059; x_wconf 77' lang='grc' dir='ltr'><strong>αιίιιοι</strong></span> 
     </span>
     <span class='ocr_line' id='line_1_31' title="bbox 323 3077 1321 3153; baseline -0.001 -17"><span class='ocrx_word' id='word_1_225' title='bbox 323 3077 446 3150; x_wconf 74' lang='lat' dir='ltr'>dicit12),</span> <span class='ocrx_word' id='word_1_226' title='bbox 467 3077 613 3138; x_wconf 87' lang='lat' dir='ltr'>Ausonius</span> <span class='ocrx_word' id='word_1_227' title='bbox 635 3080 721 3138; x_wconf 89' lang='lat' dir='ltr'>etiam</span> <span class='ocrx_word' id='word_1_228' title='bbox 742 3079 898 3152; x_wconf 67' lang='lat' dir='ltr'>apomeli),</span> <span class='ocrx_word' id='word_1_229' title='bbox 918 3082 1061 3153; x_wconf 88' lang='lat' dir='ltr'>planeque</span> <span class='ocrx_word' id='word_1_230' title='bbox 1081 3084 1165 3138; x_wconf 87' lang='lat' dir='ltr'>vetus</span> <span class='ocrx_word' id='word_1_231' title='bbox 1180 3081 1321 3153; x_wconf 88' lang='lat' dir='ltr'>interpres</span> 
     </span>
    </p>
   </div>
   <div class='ocr_carea' id='block_1_5' title="bbox 387 3241 654 3309">
    <p class='ocr_par' dir='ltr' id='par_1_7' title="bbox 387 3241 654 3309">
     <span class='ocr_line' id='line_1_32' title="bbox 387 3241 654 3309; baseline 0.004 -15"><span class='ocrx_word' id='word_1_232' title='bbox 387 3243 423 3309; x_wconf 72' lang='grc' dir='ltr'>ιο)</span> <span class='ocrx_word' id='word_1_233' title='bbox 442 3241 507 3308; x_wconf 73' lang='lat' dir='ltr'>cap</span> <span class='ocrx_word' id='word_1_234' title='bbox 526 3241 654 3295; x_wconf 79' lang='lat' dir='ltr'>xxxin</span> 
     </span>
    </p>
   </div>
   <div class='ocr_carea' id='block_1_6' title="bbox 319 3325 1323 3450">
    <p class='ocr_par' dir='ltr' id='par_1_8' title="bbox 319 3325 1323 3450">
     <span class='ocr_line' id='line_1_33' title="bbox 319 3325 1323 3450; baseline 0 -74"><span class='ocrx_word' id='word_1_235' title='bbox 319 3394 348 3447; x_wconf 71' lang='lat' dir='ltr'>in</span> <span class='ocrx_word' id='word_1_236' title='bbox 364 3328 424 3447; x_wconf 68' lang='lat' dir='ltr'>Plslj</span> <span class='ocrx_word' id='word_1_237' title='bbox 443 3325 514 3450; x_wconf 45' lang='lat' dir='ltr'>Egra.</span> <span class='ocrx_word' id='word_1_238' title='bbox 531 3325 566 3379; x_wconf 91' lang='lat' dir='ltr'>ad</span> <span class='ocrx_word' id='word_1_239' title='bbox 585 3326 680 3380; x_wconf 88' lang='lat' dir='ltr'>Famil</span> <span class='ocrx_word' id='word_1_240' title='bbox 698 3326 748 3394; x_wconf 89' lang='lat'>111,</span> <span class='ocrx_word' id='word_1_241' title='bbox 769 3331 808 3382; x_wconf 93' lang='lat' dir='ltr'>ll</span> <span class='ocrx_word' id='word_1_242' title='bbox 829 3327 905 3381; x_wconf 84' lang='lat' dir='ltr'>Ocni.</span> <span class='ocrx_word' id='word_1_243' title='bbox 924 3327 1070 3381; x_wconf 88' lang='lat' dir='ltr'>earundem</span> <span class='ocrx_word' id='word_1_244' title='bbox 1088 3326 1136 3394; x_wconf 88' lang='lat' dir='ltr'>IX,</span> <span class='ocrx_word' id='word_1_245' title='bbox 1158 3331 1197 3380; x_wconf 88' lang='lat'>10.</span> <span class='ocrx_word' id='word_1_246' title='bbox 1211 3332 1240 3380; x_wconf 88' lang='lat' dir='ltr'>et</span> <span class='ocrx_word' id='word_1_247' title='bbox 1253 3327 1323 3381; x_wconf 86' lang='lat' dir='ltr'>Orat</span> 
     </span>
     <span class='ocr_line' id='line_1_34' title="bbox 387 3410 447 3448; baseline 0.033 -2"><span class='ocrx_word' id='word_1_248' title='bbox 387 3410 447 3448; x_wconf 91' lang='lat' dir='ltr'>1on</span> 
     </span>
    </p>
   </div>
   <div class='ocr_carea' id='block_1_7' title="bbox 247 3479 1322 3685">
    <p class='ocr_par' dir='ltr' id='par_1_9' title="bbox 247 3479 1322 3685">
     <span class='ocr_line' id='line_1_35' title="bbox 390 3479 1322 3548; baseline -0.006 -16"><span class='ocrx_word' id='word_1_249' title='bbox 390 3479 425 3548; x_wconf 68' lang='grc'>12)</span> <span class='ocrx_word' id='word_1_250' title='bbox 446 3479 516 3548; x_wconf 91' lang='lat' dir='ltr'>Epp</span> <span class='ocrx_word' id='word_1_251' title='bbox 533 3479 709 3533; x_wconf 89' lang='lat' dir='ltr'>LXXXVIII.</span> <span class='ocrx_word' id='word_1_252' title='bbox 728 3485 795 3531; x_wconf 85' lang='lat' dir='ltr'>extr.</span> <span class='ocrx_word' id='word_1_253' title='bbox 815 3480 962 3531; x_wconf 77' lang='lat' dir='ltr'>Aristarchi</span> <span class='ocrx_word' id='word_1_254' title='bbox 985 3489 1073 3542; x_wconf 78' lang='lat' dir='ltr'>cotos,</span> <span class='ocrx_word' id='word_1_255' title='bbox 1099 3480 1193 3546; x_wconf 78' lang='lat' dir='ltr'>quibus</span> <span class='ocrx_word' id='word_1_256' title='bbox 1211 3479 1322 3531; x_wconf 81' lang='lat' dir='ltr'>alicua</span> 
     </span>
     <span class='ocr_line' id='line_1_36' title="bbox 323 3546 1320 3668; baseline -0.003 -69"><span class='ocrx_word' id='word_1_257' title='bbox 323 3548 448 3601; x_wconf 78' lang='lat' dir='ltr'>Carmina</span> <span class='ocrx_word' id='word_1_258' title='bbox 468 3551 627 3668; x_wconf 58' lang='lat' dir='ltr'>comparatam,</span> <span class='ocrx_word' id='word_1_259' title='bbox 653 3548 842 3613; x_wconf 74' lang='lat' dir='ltr'>recoqnoocum?</span> <span class='ocrx_word' id='word_1_260' title='bbox 870 3547 973 3614; x_wconf 86' lang='lat' dir='ltr'>Nempe</span> <span class='ocrx_word' id='word_1_261' title='bbox 992 3547 1020 3600; x_wconf 89' lang='lat' dir='ltr'>id</span> <span class='ocrx_word' id='word_1_262' title='bbox 1038 3547 1159 3601; x_wconf 78' lang='lat' dir='ltr'>fecerant</span> <span class='ocrx_word' id='word_1_263' title='bbox 1177 3546 1320 3601; x_wconf 86' lang='lat' dir='ltr'>iaciebant-</span> 
     </span>
     <span class='ocr_line' id='line_1_37' title="bbox 247 3615 1082 3685; baseline 0.002 -19"><span class='ocrx_word' id='word_1_264' title='bbox 247 3656 253 3666; x_wconf 78' lang='lat'>,</span> <span class='ocrx_word' id='word_1_265' title='bbox 321 3631 373 3685; x_wconf 88' lang='lat' dir='ltr'>que</span> <span class='ocrx_word' id='word_1_266' title='bbox 393 3617 513 3670; x_wconf 87' lang='lat' dir='ltr'>Senecae</span> <span class='ocrx_word' id='word_1_267' title='bbox 532 3623 595 3669; x_wconf 90' lang='lat' dir='ltr'>aeta</span> <span class='ocrx_word' id='word_1_268' title='bbox 579 3617 740 3683; x_wconf 87' lang='lat' dir='ltr'>atcplures,</span> <span class='ocrx_word' id='word_1_269' title='bbox 757 3615 828 3668; x_wconf 89' lang='lat' dir='ltr'>infra</span> <span class='ocrx_word' id='word_1_270' title='bbox 844 3616 921 3670; x_wconf 86' lang='lat' dir='ltr'>nobis</span> <span class='ocrx_word' id='word_1_271' title='bbox 938 3615 1082 3670; x_wconf 86' lang='lat' dir='ltr'>iudicandi</span> 
     </span>
    </p>
   </div>
   <div class='ocr_carea' id='block_1_8' title="bbox 390 3698 1050 3839">
    <p class='ocr_par' dir='ltr' id='par_1_10' title="bbox 390 3698 1042 3839">
     <span class='ocr_line' id='line_1_38' title="bbox 390 3698 981 3782; baseline -0.002 -27"><span class='ocrx_word' id='word_1_272' title='bbox 390 3703 426 3770; x_wconf 77' lang='lat'>1³)</span> <span class='ocrx_word' id='word_1_273' title='bbox 446 3702 519 3782; x_wconf 86' lang='lat' dir='ltr'>Epp</span> <span class='ocrx_word' id='word_1_274' title='bbox 537 3701 637 3770; x_wconf 86' lang='lat' dir='ltr'>XVIII,</span> <span class='ocrx_word' id='word_1_275' title='bbox 650 3704 691 3756; x_wconf 84' lang='lat'>29</span> <span class='ocrx_word' id='word_1_276' title='bbox 727 3698 788 3779; x_wconf 80' lang='lat' dir='ltr'>Hoc</span> <span class='ocrx_word' id='word_1_277' title='bbox 806 3701 875 3753; x_wconf 91' lang='lat' dir='ltr'>enim</span> <span class='ocrx_word' id='word_1_278' title='bbox 893 3717 981 3769; x_wconf 87' lang='lat' dir='ltr'>versu,</span> 
     </span>
     <span class='ocr_line' id='line_1_39' title="bbox 444 3767 1050 3839; baseline -0.007 -15"><span class='ocrx_word' id='word_1_279' title='bbox 444 3770 549 3838; x_wconf 76' lang='lat' dir='ltr'>quue</span> <span class='ocrx_word' id='word_1_280' title='bbox 567 3776 644 3824; x_wconf 89' lang='lat' dir='ltr'>notas</span> <span class='ocrx_word' id='word_1_281' title='bbox 662 3767 761 3839; x_wconf 90' lang='lat' dir='ltr'>spuriis</span> <span class='ocrx_word' id='word_1_282' title='bbox 777 3768 899 3822; x_wconf 84' lang='lat' dir='ltr'>versibus</span> <span class='ocrx_word' id='word_1_283' title='bbox 916 3768 1050 3838; x_wconf 86' lang='lat' dir='ltr'>apposuit,</span> 
     </span>
    </p>
   </div>
   <div class='ocr_carea' id='block_1_9' title="bbox 0 0 1522 4434">
    <p class='ocr_par' dir='ltr' id='par_1_11' title="bbox 0 0 1522 4434">
     <span class='ocr_line' id='line_1_40' title="bbox 0 0 1522 4434; baseline 0 1"><span class='ocrx_word' id='word_1_284' title='bbox 0 0 1522 4434; x_wconf 95' lang='lat' dir='ltr'> </span> 
     </span>
    </p>
   </div>
  </div>
 </body>
</html>
