3034 4434
650 540 829 594 -31-

246 706 286 761 que
296 691 349 748 nisi
360 689 484 762 scirem,
499 704 585 761 qnam
597 687 681 748 facile
695 689 821 748 intanto
835 704 924 761 opere
934 689 1059 748 minores
1071 690 1241 750 offensiones

245 767 442 826 obumbremur
461 783 634 838 magnarum
654 765 780 839 partium
795 767 898 838 nitore,
920 767 1043 824 mirarer
1055 769 1164 826 nullum
1180 769 1242 828 Ori·

245 846 361 916 ticorum,
375 850 464 903 uates
479 844 535 902 bos
549 843 587 901 ad
599 844 749 915 vulgarem
764 859 892 903 normam
907 843 1130 918 emendantium,
1146 846 1242 905 adbuc

244 928 363 980 exortum
378 937 457 994 esse,
480 921 532 992 qui
546 927 669 992 quatuor
682 920 811 978 molestis
827 921 957 979 versibus
977 920 1082 979 deletis
1097 924 1189 982 locum
1204 925 1242 982 si·

243 999 325 1057 nilern
340 997 644 1074 faceretillip.166.,
658 1012 747 1069 seque
761 998 861 1070 primis
874 998 1047 1071 politoribus
1058 999 1158 1058 horum
1174 1000 1242 1060 car·

244 1076 339 1134 ninum
361 1075 550 1149 adiungeret.
582 1076 638 1148 Qui
657 1074 681 1132 si
698 1074 771 1132 illud
789 1075 858 1133 olim
882 1073 1028 1148 fecissent,
1051 1078 1094 1135 uti
1108 1093 1157 1136 eos
1172 1079 1242 1136 alibi

244 1169 321 1226 saepe
334 1151 445 1212 fecisse
461 1151 601 1210 credibile
616 1157 669 1223 est,
684 1151 730 1209 vel
745 1153 834 1209 etiam
848 1168 873 1209 v.
889 1159 954 1210 625.
969 1152 1081 1210 initium
1094 1156 1160 1212 novi
1175 1156 1242 1213 libri

243 1231 412 1302 posuissent,
427 1235 510 1288 certo
522 1229 607 1289 credo
617 1227 745 1287 futurum
757 1226 856 1300 luisse,
870 1233 903 1286 ut
915 1230 1058 1287 tantulum
1070 1232 1242 1290 1011111οῃ111-

242 1307 319 1379 genia
330 1307 461 1366 omnium
471 1312 633 1380 temporum
644 1305 806 1363 deluderet.
820 1305 882 1363 laur
892 1311 1011 1378 praeter
1021 1309 1184 1379 opinionem
1193 1325 1241 1368 res

244 1383 352 1442 cecidit.
373 1384 451 1443 Nam
474 1383 530 1441 etsi
549 1383 744 1442 vetustissima
757 1388 840 1440 aetas
855 1382 1032 1441 Graecorum
1046 1387 1075 1441 in
1089 1384 1240 1458 adolando,

242 1460 367 1519 ornando
381 1459 582 1531 comendoque
595 1460 650 1520 hoo
662 1464 750 1531 poeta
764 1474 847 1517 omne
862 1460 987 1518 studium
1002 1461 1162 1533 collocavit,
1175 1463 1242 1520 reli-

240 1538 296 1608 quit
311 1554 350 1596 ea
363 1543 464 1596 tamen
475 1537 678 1610 Pylaemenem
691 1535 777 1593 nimis
790 1536 848 1595 cito
862 1535 916 1595 fati
926 1538 971 1596 sui
981 1537 1109 1609 oblitum,
1125 1545 1155 1596 et
1165 1539 1242 1597 siuri-

238 1615 274 1672 lia
286 1615 382 1689 plnra,
397 1620 475 1687 qn‘ae
488 1613 588 1673 Ouitioi
600 1618 711 1689 postea,
725 1613 810 1671 unice
820 1620 1003 1686 quaerentes,
1017 1614 1086 1685 quid
1097 1611 1243 1682 ἐπυποιΐας

238 1693 328 1752 tenori
351 1693 455 1751 111111
469 1693 643 1765 0011111111,
663 1689 754 1748 obelis
769 1696 800 1748 et
810 1691 1057 1751 emendationibus
1072 1694 1130 1750 suis
1145 1694 1182 1750 ad
1196 1709 1242 1752 or-

236 1768 330 1828 dinem
345 1775 376 1828 et
390 1767 577 1842 concordiam
590 1768 726 1841 redigere
741 1770 837 1826 conati
851 1768 969 1842 11111199).

664 1998 810 2076 XXXI.

306 2171 441 2229 Fuerunt
462 2169 618 2241 aliquando
638 2130 811 2244 philosophi,
833 2171 882 2242 qui
901 2171 976 2230 hanc
995 2170 1120 2228 omnium
1140 2186 1238 2230 rerum
1251 2186 1291 2226 111

231 2264 264 2306 10
285 2262 440 2321 corporum
462 2262 631 2320 compagem
659 2252 689 2305 et
716 2248 936 2306 universitatem
956 2264 1013 2306 non
1032 2252 1128 2304 mente
1148 2249 1239 2305 numi-

299 2467 335 2537 19)
353 2465 555 2532 Nonnunquam
581 2466 669 2519 minus
692 2465 809 2520 feliciter
832 2465 876 2518 111
895 2472 1057 2520 constanter.
1091 2466 1129 2521 Ut
1146 2468 1175 2520 in
1191 2467 1238 2521 illo

231 2535 401 2604 Pylaemene,
419 2533 477 2588 filio
495 2533 654 2602 Harpalioni
671 2534 700 2587 in
711 2533 792 2588 funus
810 2533 960 2601 prodeunte
978 2534 1009 2588 Il.
1029 2554 1051 2588 ν.
1069 2538 1137 2603 658,
1155 2552 1238 2603 quum

231 2604 287 2672 ipse
307 2603 414 2658 occisus
432 2606 504 2656 esset
521 2619 544 2658 ι.
562 2606 621 2658 aba.
657 2603 699 2657 De
718 2619 772 2671 quo
790 2601 868 2656 nobis
885 2603 977 2670 plures
994 2603 1114 2657 rationes
1131 2604 1238 2658 illorum

232 2671 378 2741 propinant
396 2669 495 2725 Scholl.
514 2676 542 2724 01
557 2670 637 2725 Euat.
666 2669 769 2725 Earum
786 2670 869 2738 nulla,
888 2672 911 2725 si
929 2671 993 2740 qnid
1005 2671 1092 2740 video,
1108 2688 1175 2726 uera
1188 2679 1237 2741 est,

232 2757 284 2794 una
301 2740 383 2808 longe
402 2737 578 2861 inesstissima,
597 2755 650 2808 qua
669 2739 822 2808 corrigitur,
840 2740 912 2802 μετὰ
931 2737 991 2792 d’ob'
1010 2758 1059 2809 σφι
1076 2743 1169 2812 πατὴρ
1188 2741 1237 2793 κίε,

231 2809 307 2864 Hanc
333 2815 427 2862 tamen
469 2822 525 2860 arn.
544 2808 649 2862 ornavit
667 2808 778 2876 proprio
796 2807 936 2862 versiculo.
972 2807 1028 2862 Alii
1045 2824 1132 2877 nuper
1149 2811 1237 2878 ipsum

232 2883 339 2945 poetam
358 2875 500 2931 oblivionis
518 2875 694 2931 accusabant:
734 2876 788 2930 uod
801 2880 979 2929 commentum
991 2877 1065 2944 nulli,
1102 2883 1158 2946 uto,
1176 2879 1237 2932 Ari-

223 2946 400 3000 starchorum
418 2949 540 2998 veterum
557 2944 701 3013 probatum
750 2945 824 2998 isset.
854 2943 924 2998 Nam
942 2943 1011 2998 alius
1029 2893 1136 3014 qniufem
1155 2947 1236 3000 inhis

232 3014 312 3069 rebus
330 3013 412 3066 aliam
430 3011 537 3079 famam,
556 3020 603 3067 aut
620 3014 693 3067 idem
711 3013 739 3068 in
752 3012 864 3067 diversis
882 3014 935 3066 scri
955 3013 989 3066 tis
1008 3013 1141 3067 diversam
1160 3016 1235 3084 sequi

232 3089 328 3150 potest,
351 3097 407 3134 non
432 3080 504 3134 idem
530 3081 557 3134 in
582 3083 677 3136 eadem
695 3083 810 3148 variare,
829 3086 856 3133 11
875 3081 921 3150 qui
941 3096 983 3134 em
1001 3081 1076 3135 brevi
1094 3081 1235 3139 intervallo

232 3152 308 3206 unius
327 3148 426 3218 operis.
455 3149 578 3217 Denique
590 3152 645 3205 tale
659 3151 723 3219 quid
736 3148 862 3204 excidere
874 3156 965 3217 potest
977 3150 1120 3203 recentiori
1128 3157 1236 3221 poetae,

233 3219 337 3274 fabulas
355 3232 470 3286 operose
490 3218 634 3288 colligenti,
654 3235 707 3273 non
720 3220 809 3289 ἀοιδῷ,
828 3217 874 3285 qui
886 3218 978 3271 inhac
991 3218 1113 3272 doctrina
1123 3220 1235 3275 habitat.

232 3288 329 3343 Melius
348 3291 423 3341 certe
443 3285 506 3340 olim
525 3287 632 3356 quidam
650 3293 793 3357 utrumque
812 3301 918 3340 versum
938 3286 1142 3356 expungebant,
1166 3305 1236 3356 quae

232 3356 389 3411 brevissima
408 3369 473 3408 sane
490 3355 535 3409 via
553 3355 646 3410 estad
664 3362 770 3411 omnem
789 3354 997 3423 discrepantiam
1009 3363 1037 3409 et
1050 3355 1236 3411 difficultatem

232 3424 385 3480 tollendam.
423 3423 494 3478 Aliis
516 3439 581 3478 vero
606 3425 672 3479 locis
690 3425 749 3480 illos
768 3425 824 3479 1111
843 3424 946 3477 incunia
965 3424 1021 3477 1111
1038 3440 1123 3490 prava
1140 3425 1235 3493 religio

232 3493 380 3560 deterruit,
409 3507 464 3559 quo
481 3493 568 3547 minus
587 3493 676 3547 omnia
694 3493 840 3561 eiicerent,
864 3507 933 3560 quae
951 3508 1041 3546 rerum
1060 3507 1189 3546 summam
1207 3497 1235 3545 et

232 3561 401 3632 aequabilem
428 3565 551 3615 tenorem
576 3562 725 3616 turbarent.
761 3561 806 3628 Ut,
825 3576 859 3615 ne
877 3560 1019 3614 alia-nunc
1037 3575 1188 3629 congeram,
1206 3559 1235 3611 in

232 3630 288 3699 ipsa
307 3629 509 3698 chorographia
526 3629 585 3699 agri
594 3630 704 3685 Troiani
722 3628 824 3700 aliquid
835 3629 959 3683 relictum
972 3634 1017 3682 est
1029 3626 1234 3696 discrepantiae,

231 3715 278 3756 110
295 3699 436 3755 sublatum
454 3696 488 3752 ab
505 3697 573 3767 11111,
591 3698 668 3754 cuius
685 3714 768 3754 causa
784 3697 884 3754 nemini
902 3704 997 3751 auctor
1014 3695 1071 3763 sim,
1097 3702 1128 3748 ut
1146 3694 1235 3748 denuo

231 3766 337 3839 longum
355 3767 412 3821 iter
430 3766 566 3836 suscipiat.

255 3865 347 3914 wall,
363 3863 539 3912 prolegomeno.
1051 3861 1081 3919 ,1
