3034 4434
726 529 905 587 ..³10-

262 689 302 732 ¹1⁶
313 684 385 748 Feci
399 682 515 756 quidem
529 687 559 741 et
572 683 635 755 ipse
648 687 800 753 utrumque
813 699 867 755 pro
881 682 956 739 virili
968 687 1061 756 parte,
1081 681 1184 741 sedulo
1198 698 1310 756 cavens,

314 782 352 824 ne
377 759 446 833 quid
470 759 540 818 mibi
565 759 776 817 dissimularem
800 765 851 817 aut
874 759 978 831 cupide
1002 775 1133 831 agerem3
1158 759 1212 816 sed
1240 759 1311 818 haec

271 837 273 841 ’
315 839 502 912 complurium
523 841 553 895 et
571 835 687 895 diversa
706 835 753 894 via
773 834 997 908 ingredientium
1016 835 1118 894 studiis
1139 834 1231 908 digna
1244 853 1312 895 cura

316 1024 430 1080 duorum
447 1035 610 1077 summorum
627 1020 765 1074 hominum
777 1020 964 1074 auctoritatem
976 1018 1071 1074 afferre
1082 1035 1200 1089 possum,
1218 1022 1255 1075 Is.
1268 1021 1317 1075 Ca·

316 1092 428 1149 sanboni
445 1098 473 1145 et
490 1090 523 1145 R.
541 1089 667 1157 Bentleii,
685 1089 712 1142 in
730 1104 844 1157 quorum
862 1088 968 1156 scriptis
985 1104 1039 1142 non
1056 1088 1182 1156 ambigua
1199 1089 1317 1156 vestigia

316 1167 423 1216 exstant
440 1158 559 1213 eiusdem
578 1157 717 1225 opinionis.
753 1157 786 1210 In
804 1157 955 1220 casauboni
973 1156 1079 1224 scriptis
1095 1157 1175 1225 plura
1193 1163 1257 1210 sunt
1268 1157 1316 1279 Lol.

317 1231 365 1352 EX.
383 1228 500 1282 XXXIX
516 1243 542 1281 n
554 1227 624 1294 4213
640 1225 756 1280 Bentleii
774 1241 857 1279 unum
875 1231 916 1279 est
933 1225 961 1279 in
978 1225 1071 1294 primis
1085 1225 1189 1293 insigne
1208 1226 1236 1279 in
1248 1225 1267 1278 li

353 1315 369 1352 v

1288 1240 1317 1279 ro

371 1313 447 1351 ersus
465 1294 596 1350 collinum
620 1294 725 1363 anglice
753 1294 868 1362 scripto:
898 1294 1023 1347 Remarkc
1045 1312 1116 1359 upon
1141 1314 1158 1344 a
1182 1296 1234 1346 lare
1252 1295 1317 1345 Dis·

318 1382 407 1418 course
425 1367 453 1428 ot
471 1364 668 1430 Freetbinkirrp,
695 1364 724 1413 in
750 1382 767 1413 a
785 1363 870 1414 Letter
894 1372 919 1413 to
942 1363 978 1416 N.
996 1363 1031 1416 N.
1057 1365 1087 1429 by
1112 1363 1336 1415 Philoromum

318 1434 353 1484 Li
371 1434 470 1499 sterria,
492 1431 568 1484 cuius
586 1432 699 1498 primam
709 1429 772 1484 edit.
784 1433 857 1485 1713.
872 1435 900 1483 et
912 1431 1052 1498 septimam
1066 1432 1139 1486 1737.
1151 1445 1218 1498 prae
1232 1430 1320 1484 oculis
1335 1429 1339 1435 ’

317 1451 413 1555 habeo.
447 1500 480 1552 In
498 1506 613 1568 utraque
630 1499 727 1552 harum
744 1498 840 1552 iisdem
857 1498 947 1552 verbis
965 1496 1067 1568 §.vlt
1091 1497 1161 1552 haec
1178 1499 1320 1566 leguntur:

318 1571 416 1621 Homer
441 1577 517 1620 wrote
543 1586 560 1620 c
580 1569 665 1634 coquel
682 1570 711 1633 of
734 1566 817 1635 conpr
841 1573 895 1618 aad
913 1567 1084 1635 Rhapcodies,
1108 1577 1131 1617 to
1156 1570 1184 1619 be
1202 1585 1270 1634 scay
1289 1570 1319 1634 ty

319 1638 480 1702 himselfsor
498 1636 571 1688 small
590 1638 713 1702 camings
731 1638 786 1688 cod
801 1637 868 1702 good
885 1636 966 1698 cicer,
984 1644 1012 1686 ct
1031 1634 1156 1687 Feresne
1173 1637 1230 1687 aad
1248 1636 1321 1686 otker

320 1707 386 1773 days
404 1706 436 1768 of
448 1705 610 1767 Monimou&
628 1705 667 1756 tlte
679 1704 751 1755 Iliad
768 1705 798 1754 be
815 1704 889 1755 made
906 1708 948 1760 for
964 1704 1005 1755 the
1017 1704 1088 1765 Men,
1108 1705 1164 1755 aad
1180 1705 1221 1755 tte
1236 1703 1321 1770 Odys·

319 1779 368 1826 seis
385 1774 429 1831 for
446 1773 485 1824 tlte
502 1774 572 1824 other
585 1773 644 1825 Sea.
684 1772 787 1825 These
805 1774 892 1824 loosc
909 1773 1014 1839 Scopa
1032 1788 1114 1824 were
1130 1781 1186 1823 aot
1205 1772 1322 1823 collec-

320 1842 373 1894 ted
398 1840 549 1908 together·
571 1841 605 1889 ira
623 1840 671 1890 tbe
689 1841 788 1890 Fortu
806 1841 896 1897 osam
915 1840 999 1904 Epic
1017 1841 1127 1902 Pocm,
1151 1840 1323 1890 relictoue

320 1911 373 1964 500
398 1926 500 1978 years⁴
525 1911 623 1970 after.
659 1906 730 1973 Quid
757 1907 855 1960 clarius
885 1914 926 1961 est
942 1906 1016 1960 hisce
1036 1907 1144 1960 verbis?
1179 1906 1276 1975 anue
1295 1911 1323 1959 et

321 1976 387 2030 satis
405 1974 522 2042 cogitate
540 1973 648 2044 scripta,
666 1990 717 2029 nec
734 1975 830 2030 ardore
849 1975 1013 2044 digladiandi
1030 1975 1095 2029 elisa
1107 1990 1173 2044 esse,
1192 1991 1228 2029 ex
1241 1975 1323 2029 totius

321 2044 374 2097 loci
397 2048 524 2097 contextu
547 2048 668 2109 apparet.
705 2042 801 2112 Neque
825 2049 917 2098 tamen
940 2043 1009 2097 haec
1031 2043 1163 2111 professio
1189 2043 1321 2111 principis

323 2110 490 2176 criticorum,
508 2114 562 2164 tam
581 2118 677 2178 aperta
694 2117 803 2180 tamque
821 2111 1001 2166 memorabilis
1018 2118 1130 2180 propter
1146 2111 1236 2179 ipsum
1254 2117 1320 2164 tem-

322 2194 381 2247 pus,
400 2194 452 2246 quo
471 2193 530 2231 cam
549 2177 641 2248 edidit,
658 2181 675 2232 i.
695 2195 718 2233 e.
736 2180 831 2248 paucis
848 2181 925 2234 annis
942 2186 1004 2248 post
1020 2180 1152 2234 famosum
1171 2195 1240 2249 opus
1258 2179 1320 2232 Per·

322 2245 393 2314 ralti,
403 2249 405 2252 '
417 2261 465 2299 seu
483 2246 555 2314 quod
573 2263 605 2301 ea
622 2247 651 2300 in
668 2247 736 2303 libro
754 2249 922 2315 potissimum
940 2247 1072 2316 theologis
1089 2249 1189 2316 scripto
1207 2247 1319 2312 latebat,

263 2357 267 2362 .
323 2329 371 2368 seu
389 2314 461 2382 quod
478 2315 570 2368 multis
588 2321 688 2370 temere
706 2317 778 2371 iacta
796 2316 949 2383 videbatur,
974 2316 1008 2370 ab
1032 2317 1087 2371 ullo
1110 2318 1168 2370 viro
1187 2316 1268 2370 docto
1286 2315 1321 2369 ad

324 2382 544 2451 disceptat-ionem
570 2392 667 2438 vocata
690 2391 744 2452 est;
767 2385 847 2438 immo
872 2401 889 2439 a
910 2384 1045 2453 plerisque
1063 2385 1171 2453 penitus
1189 2384 1322 2453 neglecta,

322 2456 354 2506 ut
371 2467 388 2505 a
405 2451 517 2506 Moneta
534 2453 569 2507 ad
585 2453 728 2506 Bailletum
746 2453 778 2506 T.
796 2452 851 2514 Ill.¹
864 2453 893 2506 P.
903 2454 926 2507 Ι.
944 2469 970 2521 p.
983 2455 1050 2522 277,
1068 2452 1194 2507 Hedelini
1212 2468 1322 2507 caecum

323 2521 453 2589 impetum
470 2528 596 2575 narrante
624 2521 658 2575 ab
677 2521 744 2588 aliie,
764 2528 795 2575 ut
813 2537 829 2574 a
847 2521 962 2590 clarkio,
979 2521 1077 2590 frigide
1095 2526 1143 2574 aut
1160 2521 1249 2575 tribus
1265 2535 1322 2574 ver·

323 2588 369 2668 bis,
382 2589 544 2668 transmissa,
564 2605 580 2643 a
597 2562 774 2669 copiis-adeo
794 2589 883 2668 derisa
900 2589 1021 2644 fortasse.
1050 2591 1091 2669 At
1105 2590 1163 2657 ipse
1176 2589 1321 2668 Bentleius,

324 2673 371 2777 alm
395 2664 527 2712 senectut1
550 2673 614 2711 suae
641 2664 762 2711 cmt1oam
779 2672 964 2711 recensronem
982 2658 1093 2712 Homeri
1110 2665 1278 2724 seposuerat,
1296 2673 1323 2710 111

326 2725 331 2736 '
354 2739 379 2787 a,
396 2724 425 2776 id
442 2725 514 2792 quod
531 2740 566 2778 ex
584 2726 742 2793 quibusdam
758 2726 864 2779 indiciis
881 2726 987 2794 colligo,
1002 2726 1065 2780 huic
1082 2727 1122 2779 rei
1140 2742 1175 2780 ex
1192 2726 1323 2780 industria

324 2792 411 2844 lucem
429 2791 541 2846 daturus
559 2799 624 2847 erat.
655 2793 827 2862 Quapropter
835 2793 913 2848 valde
930 2795 1020 2861 miror,
1038 2794 1112 2862 nihil,
1122 2793 1195 2862 quod
1207 2795 1244 2848 ad
1254 2794 1323 2848 hanc

325 2859 508 2936 quaestionem
527 2866 639 2928 spectet,
656 2862 771 2930 reperiri
788 2862 817 2915 in
834 2862 934 2916 criticis
951 2863 1026 2917 libris
1045 2862 1201 2930 Anglorum,
1226 2863 1274 2930 qui
1291 2861 1323 2916 de

325 2926 398 2983 illlus
422 2926 546 2982 editionis
570 2929 679 2983 consilio
698 2930 861 2984 mentionem
878 2931 989 2985 faciunt.
1024 2931 1166 2998 Digamma
1183 2931 1323 2985 Aeolicum

327 3009 387 3048 eum
405 2994 579 3050 reducturum
596 2996 687 3065 fuisse,
711 2997 849 3052 Dawesius
867 2999 958 3053 etalii
976 3014 1089 3068 operose
1107 2997 1213 3053 docent.
1249 2999 1323 3052 Haec

325 3066 417 3116 autem
439 3064 557 3117 narratio
582 3065 615 3118 de
639 3066 801 3134 digammate
827 3066 892 3119 mihi
915 3083 996 3135 saepe
1021 3067 1215 3121 dubitationem
1234 3067 1324 3121 iniecit

324 3128 398 3184 haud
415 3130 509 3199 levem,
536 3132 600 3200 quid
618 3132 770 3188 Bentleium
788 3135 926 3188 coniiciam
945 3136 978 3189 de
996 3135 1156 3203 antiquitate
1175 3136 1323 3203 scripturae

326 3197 491 3276 Graecorum
510 3201 632 3268 sensisse,
652 3206 679 3255 et
697 3203 795 3271 quibus
813 3204 909 3270 causis,
927 3204 950 3257 si
961 3203 1109 3257 Homerum
1126 3203 1266 3272 scripsisse
1277 3220 1324 3272 pu·

325 3271 400 3333 tant,
416 3266 487 3321 hanc
505 3267 658 3322 carminum
676 3271 733 3324 eius
751 3271 855 3338 epicam
873 3271 986 3325 formam
1003 3278 1079 3324 tanto
1092 3273 1270 3340 posteriorem
1280 3287 1324 3340 po·

326 3349 391 3388 nere
408 3337 536 3401 potuerit.
565 3335 654 3390 Velim
672 3337 705 3391 de
722 3338 765 3393 his
783 3339 910 3393 certiores
927 3355 976 3394 nos
994 3339 1095 3393 faciant
1111 3339 1139 3406 ii,
1158 3340 1205 3408 qui
1223 3341 1325 3394 aditum

325 3401 427 3456 babent
451 3403 485 3458 ad
509 3404 567 3458 eius
590 3404 744 3460 adversaria
768 3414 796 3460 et
813 3414 891 3461 notas
908 3408 1073 3475 Homericas,
1097 3407 1213 3476 quaein
1230 3422 1325 3463 manus

326 3469 514 3526 cnmberlandi
540 3472 644 3526 venisse
668 3467 794 3528 dicuntur
816 3475 844 3528 in
867 3476 1033 3544 Biographia
1050 3476 1170 3530 Britann.
1190 3476 1255 3530 edit.
1273 3491 1325 3530 sec.

325 3538 385 3593 Vol.
403 3538 438 3594 ΙΙ.
457 3556 483 3619 p:
502 3544 561 3594 244.
597 3540 672 3595 Nihil
690 3549 738 3610 est,
757 3543 791 3596 de
809 3560 862 3611 quo
880 3545 970 3612 potius
980 3544 1098 3599 Bentleii
1115 3544 1247 3599 iudicium
1266 3559 1325 3613 cog·

326 3622 404 3664 nosse
422 3624 542 3676 cupiam:
560 3613 588 3662 et
606 3609 672 3679 quis
683 3626 737 3665 non
753 3610 825 3664 idem
843 3612 942 3680 cupiat,
961 3612 1008 3682 qui
1025 3611 1202 3667 Phalarideae
1221 3620 1326 3668 contro·

326 3677 429 3731 versiae
447 3676 561 3731 iudicem
581 3677 671 3730 norit?
690 3679 721 3732 Id
739 3678 853 3747 dubites,
871 3696 906 3733 an
917 3680 989 3734 illius
1002 3681 1181 3736 emendationi
1193 3681 1326 3735 Homerus

326 3750 430 3800 tantum
448 3745 587 3801 debiturus
605 3744 709 3815 fuisset,
729 3752 859 3815 quantum
875 3747 1005 3804 Horatius
1023 3749 1104 3803 debet
1122 3754 1150 3802 et
1168 3749 1278 3805 comici.
