3034 4434
621 549 799 602 —135-

212 696 461 769 interpunctione,
488 711 575 767 quum
595 695 633 754 ad
653 695 684 753 id
704 700 818 768 tempus
839 693 956 756 inflexio
977 703 1008 755 et
1027 713 1113 755 sonus
1132 699 1210 758 vocis

211 775 287 833 nullo
303 790 357 831 usu
375 773 521 844 signorum
539 778 700 845 regeretur,
726 789 856 844 unusque
876 789 910 832 ac
929 779 1088 847 perpetuus
1108 772 1210 834 ductus

211 851 373 909 litterarum
383 850 536 909 lectionem
550 849 634 908 valde
648 849 856 922 impediretV).
888 851 980 922 Quam
993 856 1113 925 propter
1125 868 1211 911 unam

210 943 269 986 rem
289 927 492 1000 Aristophanis
513 943 617 985 nomen
645 932 788 1000 perpetua
807 928 947 985 memoria
967 927 1084 1001 dignum
1104 927 1211 986 haben·

211 1005 276 1062 dum
298 1011 386 1076 esset,
406 1005 462 1061 nisi
482 1005 648 1062 memoriam
668 1004 770 1061 talium
791 1003 959 1075 quotidiana
973 1005 1149 1064 consuetudo
1164 1021 1211 1063 ex·

211 1083 381 1153 stingueret.
416 1081 538 1139 Praeter
558 1081 631 1139 haec
651 1081 680 1137 in
693 1082 797 1139 multos
812 1086 842 1138 et
856 1082 1039 1153 gravissimos
1054 1083 1211 1156 scriptores

210 1165 418 1217 commentatus
440 1163 493 1230 est,
513 1159 715 1229 recensuitque
736 1174 771 1216 ac
791 1157 934 1231 disposuit
947 1175 1046 1217 eorum
1060 1175 1159 1232 opera,
1179 1162 1212 1217 ut

210 1234 340 1306 Hesiodi,
361 1234 471 1308 Alcaei,
490 1234 620 1307 Pindari,
641 1233 825 1312 Platonis93).
865 1233 1057 1309 Praecipuum
1071 1253 1138 1294 vero
1153 1240 1211 1295 stu·
1224 1257 1269 1313 aso..

211 1312 288 1370 dium
316 1312 458 1384 impendit
491 1313 520 1369 in
551 1312 679 1370 scenicos
708 1317 825 1385 poetas,
856 1313 978 1371 maxime
995 1312 1039 1379 ,in
1065 1311 1213 1371 domicum

212 1390 410 1461 cognominem
431 1405 521 1456 snum,
542 1405 636 1460 neque
658 1390 707 1459 sic,
728 1393 762 1445 ut
776 1389 806 1445 in
820 1388 949 1447 obscuris
964 1405 1016 1446 seu
1030 1389 1211 1461 elegantibus

212 1465 359 1525 vocabulis
379 1466 524 1537 haereret,
545 1466 598 1524 sed
618 1471 651 1522 ut
670 1466 832 1523 universam
852 1465 908 1523 vim
929 1470 959 1524 et
979 1470 1072 1524 artem
1093 1471 1123 1524 et
1141 1471 1212 1524 tem·

211 1559 282 1616 pora
302 1539 465 1600 fabularum
487 1540 696 1616 exponerem),

285 1619 443 1678 Homerum
465 1624 563 1678 autem
584 1618 726 1690 quomodo
747 1620 932 1692 tractaverit,
958 1624 988 1678 et
1007 1635 1147 1691 quasnam
1166 1635 1212 1678 ra·

210 1697 303 1756 tiones
319 1697 379 1754 eius
394 1696 567 1755 emendandi
582 1698 620 1754 sit
634 1703 759 1769 secutus,
781 1713 872 1769 aeque
886 1696 1039 1755 obscurum
1053 1701 1106 1768 est,
1126 1711 1213 1767 quam

210 1781 271 1832 erat
293 1775 322 1830 in
337 1773 495 1832 Zenodoto.
528 1774 603 1832 Nam
625 1773 680 1831 etsi
698 1774 830 1832 recensio
846 1773 1061 1846 Aristophanae
1073 1788 1148 1830 nunc
1160 1789 1212 1832 nu·

209 1867 259 1922 per
273 1851 346 1908 satis
360 1852 457 1909 multis
471 1851 642 1910 lectionibus
656 1851 781 1910 innotuit
787 1849 834 1924 ⁹⁵),
854 1849 988 1922 quoniam
1001 1855 1099 1910 tamen
1113 1865 1212 1908 aarum

278 2009 314 2075 92)
332 2007 402 2062 Vide
420 2009 527 2063 Fosteri
544 2009 632 2088 Essap
650 2027 688 2089 on
702 2010 807 2064 Accent
824 2011 877 2065 and
894 2010 1024 2092 Quantity
1040 2026 1066 2132 pr
1088 2013 1144 2066 182.
1155 2025 1212 2079 sqq.

211 2082 237 2130 et
257 2093 317 2145 eos,
345 2093 412 2145 quos
440 2077 533 2131 laudat
550 2077 653 2131 Vrllors.
680 2095 708 2131 m
725 2080 850 2147 Append.
869 2080 903 2134 ad
922 2079 1021 2202 Εριεῖι.

1066 2095 1146 2133 marr.
1164 2094 1213 2133 seu

212 2145 300 2212 potius
320 2146 367 2200 diu
386 2146 566 2200 desideratum
580 2146 710 2214 scriptum
723 2147 835 2201 Arcadii
844 2149 942 2203 Antioc
963 2150 1006 2203 eni
1019 2167 1054 2202 τε
1077 2149 1145 2217 ὶτῆς
1155 2152 1211 2200 τῶν

213 2215 300 2266 τόνων
321 2215 460 2284 εὑρέσεως
478 2221 529 2269 etc.
552 2214 651 2268 ibidem
670 2216 703 2269 ab
722 2214 768 2269 illo
785 2216 872 2284 primo
894 2216 1003 2271 editum.
1039 2168 1134 2271 onea
1152 2214 1213 2271 doc·

212 2282 281 2335 trina
298 2282 489 2350 Aristophanis
507 2283 606 2351 passim
625 2282 726 2351 aliquid
745 2284 778 2337 de
797 2285 901 2339 ratione
919 2291 1079 2339 accentuum
1097 2283 1215 2339 afferunt

202 2349 396 2419 'Grammatici
414 2352 517 2419 primus
536 2352 653 2406 omnium
671 2351 797 2420 Apollon.
816 2353 894 2406 Alex.
913 2352 960 2406 IV.
976 2369 1004 2423 p.
1022 2358 1081 2408 304.

276 2438 312 2504 93)
331 2436 400 2490 Vide
425 2436 512 2491 Schol.
537 2437 572 2492 ad
590 2436 700 2491 Hesiod.
723 2437 752 2491 θ.
771 2442 812 2492 68.
831 2437 979 2506 Hephaest.
997 2438 1107 2493 Enchir.
1125 2453 1152 2505 p.
1170 2439 1213 2507 742

213 2504 291 2573 Diog.
310 2505 402 2559 Laert.
421 2505 471 2573 ΠΙ,
491 2510 532 2561 61.
550 2506 626 2560 Pind.
644 2505 734 2560 Vitam
752 2521 769 2559 a
787 2506 836 2559 Th.
854 2505 985 2574 Magistro
1004 2506 1152 2572 collectam,
1164 2504 1213 2560 ubl

214 2573 510 2643 legimUS‚*llpcorov
538 2574 598 2638 μὲν
623 2575 712 2643 ὕδωρ
730 2575 924 2645 προτετάχθαι
941 2576 992 2628 ὑπὸ
1011 2575 1216 2643 Ἀριστοφάνους

211 2646 275 2694 τοῦ
303 2641 548 2702 συντάξαντος
573 2644 612 2694 τὰ
637 2640 846 2711 Πινδαρικά,
874 2642 917 2694 διὰ
940 2645 969 2696 τὸ
999 2643 1137 2762 περιέξειν
1163 2643 1214 2695 τοῦ

211 2710 319 2796 άγῶνος
337 2711 473 2790 ἐγκώμιονΙ
487 2712 529 2790 ταὶ
549 2712 583 2762 τὰ
601 2712 665 2781 περὶ
686 2715 735 2764 τοῦ
749 2709 880 2791 ῌέλοπος,
899 2711 930 2770 ὃς
952 2715 1063 2792 πρῷτος
1102 2729 1114 2761 ν
1130 2707 1214 2790 ’Ἤλιδι

181 2797 385 2924 tillut.
402 2778 529 2915 asihlii’,
551 2779 1215 2916 tlta.tl.¹⁰tt⁰hlhthtthtflhltht

207 2929 301 2982 ungens
318 2915 363 2968 hic
381 2917 483 2984 optima
502 2931 625 2984 quaeque
643 2933 726 2985 opera
744 2915 944 2983 absumpsisset.

276 3001 301 3039 9⁴
330 3000 385 3054 Res
405 3007 520 3070 apparet
546 3017 580 3055 ex
598 3000 752 3056 Summariis
771 3002 814 3055 vel
830 3002 969 3071 Argumm.
988 3003 1092 3072 aliquot
1108 3001 1210 3071 Sopho·

208 3068 264 3134 clis,
309 3068 430 3137 uripidis
448 3070 645 3138 Aristophanis,
664 3070 698 3124 ad
710 3086 777 3139 quos
788 3086 978 3139 nonnunquam
991 3072 1072 3126 etiam
1084 3071 1211 3126 laudatur

207 3136 235 3188 in
254 3134 376 3206 Scholiis,
395 3146 452 3191 tum
471 3154 506 3191 ex
522 3138 658 3192 Athenaei
676 3139 734 3193 loco
753 3138 800 3192 VI.
818 3155 844 3207 p.
862 3142 921 3194 241.
940 3140 981 3208 F,
1008 3141 1055 3195 ubi
1072 3139 1209 3208 Machani,

207 3205 279 3257 claro
298 3209 355 3258 tum
373 3212 471 3274 poetae
496 3207 610 3275 comico,
635 3222 745 3274 operam
769 3206 874 3262 dedisse
898 3207 1009 3278 dicitur,
1033 3209 1066 3264 de
1087 3207 1209 3278 partibus

207 3272 361 3326 comoediae
384 3273 570 3342 praecipienti.
616 3275 733 3343 Fuitque
755 3276 945 3345 Aristophanis
972 3279 1058 3332 nostri
1082 3277 1209 3346 proprius

207 3343 414 3396 commentarius
440 3343 473 3396 de
499 3343 593 3410 larvis,
619 3343 712 3397 eodem
739 3349 809 3398 teste
833 3346 932 3399 Athen.
955 3345 1028 3400 XIV.
1051 3363 1078 3415 p.
1098 3349 1156 3401 659.
1174 3343 1207 3398 B.

208 3407 246 3462 Cf.
266 3408 353 3462 Bentl.
372 3411 405 3465 de
423 3412 510 3481 Epist.
528 3411 635 3465 Phalar.
653 3427 680 3479 p.
699 3416 740 3466 25.

277 3495 313 3562 9⁵)
338 3493 367 3548 ‘H
382 3495 598 3565 Ἀριστοφάνειος
616 3495 772 3562 διόρθωσις,
791 3500 808 3568 ἡ
826 3500 896 3552 κατὰ
914 3498 1079 3569 Ἀριστοφάν
1099 3539 1105 3550 .
1140 3495 1210 3550 Eam

205 3568 349 3631 utrumque
363 3563 476 3618 Carmen
489 3565 656 3631 complexam
669 3578 735 3632 esse,
749 3580 783 3618 ex
795 3567 936 3622 Athenaeo
950 3573 978 3621 et
988 3565 1076 3620 Eusta
1108 3564 1133 3618 ‘o
1145 3563 1212 3618 satis

205 3630 372 3700 intelligitur.
414 3632 466 3687 Sed
491 3647 556 3686 cave
580 3639 660 3700 putes
697 3648 757 3686 eam
780 3634 914 3704 integram
936 3635 1040 3688 venisse
1062 3633 1091 3686 in
1116 3646 1211 3687 manus

206 3697 447 3755 Grammaticorum
470 3706 630 3754 nostrorum.
666 3673 692 3754 li
716 3702 787 3757 enim
808 3705 853 3758 hic
876 3718 983 3773 quoque
1006 3701 1034 3756 in
1050 3699 1211 3755 lectionibus

206 3766 268 3821 inde
287 3770 422 3837 excerptis
439 3768 569 3824 vocabulo
588 3769 655 3837 φασὶ
673 3775 795 3839 utuntur,
815 3770 881 3825 alibi
898 3774 1035 3826 auctorem
1054 3785 1132 3825 snum
1148 3785 1211 3840 pro·

1292 3870 1300 3911 i
