3034 4434
629 537 809 592 -105-

289 685 369 745 Nam
394 682 454 757 fac,
485 685 563 757 quod
590 701 627 744 ne
654 685 740 744 aliter
766 685 883 758 quidem
907 685 976 761 fingi
998 703 1052 761 por
1070 687 1220 748 historiam
1235 704 1271 745 ιιι

214 764 289 833 licet,
311 762 417 822 decem
436 763 481 821 vel
501 763 605 837 viginti
627 764 804 836 exemplaria
823 770 890 836 post
909 765 1033 837 primum
1046 764 1118 823 illud
1131 765 1220 839 scrip·

214 846 296 900 turae
316 844 466 899 tentamen
487 855 506 897 a
525 839 595 898 viris
616 840 748 913 privatis,
768 845 802 898 ut
820 845 894 913 puta
914 858 932 900 a
950 841 1119 915 rhapsodis,
1143 840 1221 902 facta

214 933 291 976 esse:
312 932 412 976 annon
425 916 460 974 in
481 932 517 974 ea
537 917 637 974 statim
657 917 799 990 plurimas
819 917 995 977 variationes
1015 917 1116 977 inferri
1137 933 1271 992 opor-172

213 995 275 1067 tuit,
296 994 407 1067 partim
428 1008 463 1052 ex
483 993 571 1051 variis
591 993 734 1052 recitandi
753 992 862 1066 modis,
887 994 993 1067 partim
1014 1011 1050 1054 cx
1069 997 1220 1068 ingeniosa

212 1070 335 1130 libidine
355 1069 604 1129 describentium?
626 1070 795 1143 Quanquam
816 1070 892 1130 enim
910 1072 988 1132 nullo
1008 1078 1140 1146 tempore
1154 1088 1219 1133 eva-

211 1149 274 1207 nnit
293 1146 376 1222 apud
397 1146 524 1207 Graecos
546 1148 697 1221 persuasio
718 1146 755 1206 de
775 1147 872 1206 divina
892 1149 1004 1221 origine
1023 1149 1143 1209 Homeri
1163 1151 1217 1222 sui,

211 1231 308 1284 tamen
334 1225 366 1281 in
387 1224 449 1283 eius
470 1225 617 1297 oratione,
643 1224 718 1282 sicut
744 1225 774 1283 in
794 1224 1047 1298 interpretatione,
1073 1242 1218 1299 nunquam

211 1301 364 1362 desierunt
376 1317 488 1360 summa
501 1301 620 1360 levitate
633 1307 746 1360 mutare
761 1300 912 1374 quidlibet,
933 1304 1088 1376 corrigere,
1108 1302 1218 1376 fingere

212 1378 247 1437 ad
267 1378 394 1451 libitum,
415 1383 448 1436 ut
468 1377 638 1450 dignissima
658 1377 773 1436 demum
792 1379 916 1436 numinis
930 1377 1032 1439 afflatu
1044 1377 1217 1453 profaretnr.

210 1455 313 1528 Neque
333 1455 390 1515 hoc
410 1452 541 1528 proiecto
562 1455 666 1513 mirum
687 1459 741 1527 est,
769 1471 856 1526 quum
875 1456 965 1515 multo
986 1457 1148 1529 graviorem
1167 1474 1218 1531 po·

210 1533 311 1605 pulum
332 1531 508 1591 Iudaeorum
528 1533 601 1591 satis
622 1531 674 1589 din
688 1530 809 1590 eandem
822 1533 965 1592 rationem
977 1533 1106 1592 tenuisse
1120 1533 1217 1593 videa-

210 1625 280 1668 mus.
321 1609 385 1668 Iam
405 1608 431 1667 si
451 1624 526 1668 nova
547 1608 670 1668 subinde
693 1609 871 1682 exemplaria
891 1608 995 1668 fierent
1015 1625 1051 1668 cx
1069 1609 1140 1682 illis,
1161 1611 1217 1669 nisi

209 1686 344 1747 indoctus
364 1685 501 1744 librarius
526 1686 688 1758 proximum
714 1685 835 1757 quodvis
856 1692 1004 1759 arreptum
1022 1683 1147 1745 fideliter
1167 1686 1217 1745 de-

210 1762 373 1835 scribebat,
399 1763 420 1820 ii
446 1763 496 1834 qui
524 1763 575 1820 illa
601 1761 756 1835 curabant,
782 1763 895 1821 collatis
914 1763 1047 1836 pluribus
1068 1764 1215 1836 exemplis,

209 1855 268 1899 rem
289 1840 341 1897 vix
361 1839 448 1898 alitor
467 1838 590 1912 aggredi
608 1844 775 1914 potuerunt,
796 1855 881 1911 quam
894 1845 928 1898 ut
940 1838 1094 1899 iudicando
1109 1840 1215 1912 eligen-

210 1916 314 1990 doque,
336 1915 415 1988 quod
435 1916 539 1988 cuique
560 1916 624 1975 loco
644 1915 794 1975 videretur
813 1917 1001 1989 aptissimum,
1021 1915 1141 1976 formam
1154 1921 1216 1975 tex-

211 1999 255 2052 tus
268 1993 370 2052 multis
391 1992 524 2067 partibus
544 1993 631 2051 aliam
654 1990 794 2051 facerent.
834 1993 914 2052 Talis
934 2000 1032 2053 autern
1051 2010 1140 2053 novus
1153 1999 1215 2052 tex-

210 2075 265 2144 tus,
286 2075 321 2128 ut
340 2075 402 2129 turn
418 2075 501 2128 crant
514 2075 655 2143 tempora,
675 2085 770 2142 neque
783 2067 907 2143 perferri
920 2072 1016 2144 potuit
1028 2071 1058 2128 in
1070 2070 1215 2145 publicam

211 2147 355 2219 notitiam,
377 2147 497 2220 (quippe
517 2147 647 2220 privatus
667 2146 750 2205 labor
771 2151 856 2220 erat)
877 2163 972 2220 neque
992 2149 1064 2208 alios
1077 2164 1215 2208 revocare

212 2225 247 2284 ab
268 2223 358 2282 simili
377 2223 512 2283 instituto
541 2229 571 2282 et
595 2239 685 2296 opera
710 2223 821 2282 scilicet
841 2225 1022 2283 emendandi.
1062 2225 1110 2285 Sic
1128 2231 1214 2285 aucto

212 2301 319 2360 sensim
340 2315 460 2360 numero
481 2299 627 2373 codicum,
656 2298 719 2359 fons
743 2301 793 2358 ille
812 2300 1013 2373 Pisistrateus,
1039 2302 1169 2361 simodo
1188 2303 1213 2360 is

212 2395 285 2436 unns
306 2375 372 2437 fons
392 2375 457 2449 fnit,
477 2377 508 2434 in
527 2377 626 2450 plures
649 2377 756 2436 diversi
776 2378 856 2435 velut
868 2377 980 2450 saporis
992 2378 1100 2436 rivulos
1115 2378 1214 2436 diduc-

210 2460 254 2514 tus
281 2469 350 2513 mox
375 2453 553 2528 impediebat
581 2459 736 2513 accuratae
761 2454 893 2514 lectionis
913 2453 1048 2512 studium.
1087 2453 1168 2526 Ergo
1188 2455 1213 2512 si

210 2532 423 2604 intelligentior
442 2532 557 2603 aliquis,
580 2535 610 2589 et
630 2532 680 2603 qui
700 2530 778 2590 idem
791 2537 870 2589 esset
882 2535 979 2604 poeta,
999 2536 1051 2588 aut
1064 2536 1143 2588 certe
1156 2546 1213 2589 non

212 2609 324 2668 alienus
346 2625 364 2667 a
383 2606 500 2681 poetica
519 2605 669 2680 facultate,
691 2611 756 2679 (nec
777 2609 927 2680 quisquam
947 2607 1029 2679 alius,
1050 2605 1126 2678 quod
1146 2622 1213 2665 con·

212 2691 278 2759 stet,
299 2689 370 2743 ante
389 2685 615 2758 Aristophanem
635 2685 704 2758 Byu.
725 2685 815 2743 talem
834 2701 932 2744 curam
952 2685 1102 2757 suscepit)
1122 2683 1174 2742 sed
1187 2684 1213 2742 si

212 2763 275 2835 quis
295 2762 463 2834 intelligens
485 2766 515 2820 et
536 2761 684 2821 studiosus
706 2762 842 2834 antiquae
856 2762 1029 2834 elegantiae,
1048 2760 1104 2819 sibi
1117 2760 1212 2819 suisve

211 2839 310 2899 amicis
332 2844 489 2912 paraturus
509 2855 616 2898 norum
638 2838 837 2912 exemplar³⁷),
857 2839 991 2912 optimos,
1014 2854 1085 2910 quos
1106 2835 1213 2897 alicubi
1225 2860 1263 2900 um
1331 2898 1332 2902 ,

209 3014 411 3026 -ι-

209 3129 287 3184 Alex.
307 3128 360 3183 Str.
377 3128 399 3180 Ι.
414 3143 444 3248 f.
461 3132 521 3184 309.
546 3144 593 3183 seu
618 3128 650 3183 de
675 3128 815 3184 Autodoro
837 3128 865 3182 in
887 3129 1032 3185 Theodosii
1054 3128 1140 3185 Schol.
1168 3144 1211 3198 ap.

209 3198 300 3253 Burm.
320 3195 355 3251 ad
371 3193 413 3249 Va
425 3211 461 3250 es.
480 3195 613 3251 Emendd.
631 3212 659 3276 p.
680 3201 735 3251 146.
755 3202 783 3251 ct
799 3195 902 3252 Villois.
920 3199 1022 3253 Anecd.
1041 3197 1086 3252 Gr.
1104 3214 1130 3266 p.
1152 3200 1211 3254 173.

209 3265 340 3323 Neutrius
359 3263 438 3330 euim,
463 3265 485 3318 si
503 3271 593 3319 tamen
612 3263 709 3318 drversi
727 3270 797 3333 sunt,
821 3270 939 3319 aetatem
956 3271 1086 3320 tenemus.
1120 3266 1211 3320 Relin-

209 3335 301 3404 quitur
320 3348 394 3400 ergo,
417 3338 448 3385 ut
471 3334 520 3400 rei,
543 3349 597 3387 non
614 3333 736 3402 nominis,
758 3333 907 3402 primordia
924 3335 1102 3403 exquiramus.
1138 3334 1210 3389 Reli·

208 3419 288 3472 quam
320 3401 461 3455 historiam
484 3401 681 3456 Grammaticae
710 3407 737 3455 et
764 3401 879 3457 criticae
909 3402 987 3457 docte
1013 3408 1211 3471 persequuntur

224 3477 317 3527 raeter
339 3467 429 3523 Valeo.
455 3469 472 3523 l.
491 3469 508 3523 l.
527 3470 700 3538 Maussacus,
725 3469 887 3540 Wowerius,
913 3470 1019 3526 Fabric.
1038 3470 1073 3524 ad
1090 3471 1210 3539 Sextum,

190 3556 194 3564 ·
242 3539 350 3596 alchius
367 3537 496 3606 singulari
513 3538 610 3592 libello.
1143 3599 1146 3605 ι

274 3626 311 3692 ³⁷)
331 3621 412 3683 Ἰδίως
428 3625 630 3693 γεγραμμένον,
649 3624 666 3677 i.
685 3639 708 3678 e.
723 3625 827 3690 privato
843 3625 927 3676 studio
943 3624 1105 3689 descriptum,
1130 3621 1209 3690 quale

205 3690 1209 3817 ι
1263 3712 1267 3720 ¹

262 3778 306 3818 en·
392 3801 398 3813 ·
437 3799 444 3813 ·
515 3801 520 3812 ι
564 3803 570 3814 ·
727 3778 741 3816 r
