3034 4434
717 523 896 576 -50-

306 679 385 733 certe
404 673 458 732 hoc
478 674 542 732 loco
563 677 595 730 ut
618 671 770 744 epistolam
797 675 957 743 exspecter,
977 669 1088 728 inducit
1101 670 1312 742 quodammodo

300 753 365 825 ipsa
378 767 441 821 res;
460 750 600 808 inducunt
615 746 741 827 σήματα;
757 748 834 820 (quis
848 749 942 806 nescit
957 743 1106 804 Φοινικικὰ
1115 745 1230 826 σήματα
1240 747 1314 808 Κάδ·

299 829 388 905 poci)
409 828 519 887 inducit
538 824 624 895 πίναξ
641 821 778 895 πτυκτύς,
807 827 906 880 tubello
927 827 1094 897 complicata,
1115 826 1170 898 vel,
1194 827 1220 884 si
1244 828 1315 900 quid

265 927 290 966 aa
305 906 465 977 elegantius
487 904 612 977 quaeris,
637 901 837 974 commotast).
870 901 917 959 Ita
936 918 1005 962 vero
1018 918 1195 975 magnopere
1208 905 1315 964 miran-

296 983 357 1047 ,dus
385 989 449 1041 erat
480 998 638 1042 consensus
671 981 855 1052 antiquorum
883 980 1086 1052 interpretum,
1118 981 1168 1051 qui
1194 981 1315 1042 verbum

304 1058 422 1138 γράφειν
440 1060 488 1118 hic
508 1075 623 1131 quoque
639 1058 795 1116 voluerunt
809 1073 874 1115 esse
885 1054 1047 1135 χοράσοειν
1061 1073 1084 1114 s.
1095 1053 1180 1128 ξέειν,
1200 1055 1315 1137 σήματα

303 1139 401 1196 nativa
419 1139 448 1196 ri
466 1133 574 1193 εἴδωλά
595 1154 668 1205 τινα,
695 1133 801 1192 πίνακα
822 1134 946 1205 denique
965 1131 1068 1190 σανίδα
1086 1151 1108 1191 s.
1129 1130 1315 1212 folripcovss),

306 1257 309 1259 Δ
369 1283 406 1348 4⁵)
425 1281 468 1335 Sic
486 1279 542 1333 iere
561 1278 665 1347 optimi·
678 1280 776 1347 Intpp„
805 1278 980 1346 Francogalli
998 1278 1134 1348 plerique,
1158 1283 1204 1333 dee
1226 1285 1315 1337 lettres

302 1352 359 1402 dieo
376 1351 488 1418 coelitem
508 1347 616 1415 PopiuS,
638 1369 655 1400 a
674 1349 762 1400 scaled
780 1349 856 1400 tollet
862 1367 872 1411 ;
890 1348 936 1400 alii
954 1347 1083 1401 similiter.
1114 1348 1197 1415 Quasi
1214 1350 1316 1406 Latina

301 1419 348 1472 illa
369 1419 398 1471 in
420 1423 498 1471 textu
515 1415 661 1469 vertissent
680 1432 694 1470 e
715 1415 860 1484 Cicerone,
886 1422 934 1469 aut
952 1415 1159 1484 descriptionem
1184 1419 1315 1487 plicatilis

301 1487 409 1541 tabulae
434 1484 610 1553 sumpsissent
634 1500 668 1538 ex
685 1484 832 1539 Herodian.
851 1484 921 1538 Hist.
939 1485 961 1552 I,
982 1486 1038 1552 rt,
1062 1483 1233 1554 apudquem
1254 1487 1314 1557 VII,

302 1559 326 1609 6.
345 1555 458 1614 πυκτοὺς
470 1557 582 1613 πίνακας
594 1553 744 1607 Politianus
756 1553 825 1607 bene
843 1553 925 1607 vertit
944 1556 1045 1605 litterar
1056 1555 1208 1620 ούιὶφπιιιοε.
1240 1556 1315 1611 Num

303 1624 385 1677 etiam
402 1624 498 1678 Pollux
517 1622 666 1676 audiendus
686 1622 737 1675 erit
755 1622 803 1689 IV,
825 1626 872 1690 18,
891 1621 938 1675 ubi
957 1623 984 1675 in
1002 1637 1056 1675 una
1069 1623 1137 1676 serie
1147 1638 1208 1676 cum
1220 1639 1315 1679 recen-

302 1693 416 1747 tioribus
440 1692 599 1762 τριπτύχοις
626 1698 654 1744 et
678 1691 862 1762 πολυπτύχοις
888 1691 1060 1745 Homericum
1086 1691 1182 1744 πίνακα
1208 1691 1314 1747 affert?

303 1761 375 1816 Num
393 1761 521 1830 Tragici?
552 1758 625 1828 apud
645 1775 711 1827 quos
729 1759 860 1827 leguntur
881 1761 1005 1822 σανίδες,
1030 1760 1143 1831 πτυχαί,
1169 1762 1268 1814 διαπτυ
1287 1763 1316 1815 αλ

211 1842 214 1847 ’
302 1831 481 1900 γραμμάτων,
500 1834 531 1883 ut
549 1844 591 1895 ap.
610 1827 778 1894 Euripidem,
805 1834 862 1882 tum
881 1828 954 1896 alibi,
972 1834 1029 1882 tum
1047 1828 1156 1896 Hippoi.
1175 1833 1235 1884 856.
1291 1847 1314 1885 c.

303 1902 362 1953 970.
381 1899 497 1964 Scilicet,
516 1903 547 1951 ut
565 1895 632 1948 nihil
651 1895 738 1950 dicam
757 1896 791 1950 dc
811 1913 884 1951 more
904 1897 1088 1965 Tragicorum,
1106 1913 1189 1951 novas
1202 1914 1314 1954 consue-

302 1965 410 2020 tudines
428 1967 456 2018 in
468 1965 607 2019 heroicum
622 1980 718 2018 aevum
730 1965 918 2033 transferendi,
936 1965 1034 2034 plicari
1045 1972 1191 2034 potuerunt
1203 1967 1314 2022 tabulae

303 2035 523 2101 omnitempore,
542 2033 611 2086 sicut
628 2048 677 2086 nos
697 2033 829 2100 plicamus
848 2034 982 2088 chartam:
1017 2033 1045 2087 id
1063 2050 1146 2088 unum
1165 2037 1314 2105 quaeritur,

216 2128 220 2132 ·
304 2119 339 2157 an
362 2102 425 2156 illae
448 2103 519 2155 notis
543 2101 695 2154 litterarum
723 2108 751 2156 et
775 2117 840 2156 vera
859 2103 994 2170 scriptura
1012 2102 1184 2172 consignatae
1202 2105 1313 2158 fuerint.

303 2171 334 2225 ld
351 2187 400 2225 nos
417 2185 467 2224 nec
485 2169 590 2238 Pollux,
607 2186 658 2224 nec
676 2170 856 2239 Herodianus,
874 2187 924 2225 neo
940 2172 1049 2241 Tragici
1066 2171 1171 2226 docent.

384 2259 422 2321 4⁶)
458 2255 668 2310 Accuratissime
695 2256 764 2311 haec
790 2258 963 2327 persequitur
986 2259 1111 2312 Eustath.
1129 2275 1156 2326 p.
1175 2263 1234 2314 632.
1254 2277 1312 2330 sqq.

305 2325 330 2380 Γ
326 2326 478 2395 ραμμάτυιν
499 2330 600 2397 χρῆσις
624 2327 749 2397 νεωτέρα
769 2327 853 2380 ἐστίν·
884 2327 1011 2387 ὡςαύτιος
1028 2329 1071 2381 καὶ
1089 2330 1120 2381 τὸ
1138 2325 1244 2386 άξεοτα
1262 2349 1312 2399 οη-

304 2397 369 2459 μεῖα
393 2395 436 2447 διὰ
450 2397 611 2484 χρωμάτων
630 2395 764 2448 ἐντυποῢν
784 2396 904 2466 ὕστερον
924 2396 1051 2466 εὕρηται·
1076 2397 1155 2466 καλή
1174 2403 1229 2451 τῶν
1244 2417 1312 2470 χαμ-

305 2465 406 2536 ταρίιον
431 2467 462 2517 δε
482 2466 567 2536 χρεία
590 2467 640 2517 τοῦ
664 2465 738 2517 κάτω
761 2466 865 2536 χρόνου
885 2466 1002 2536 εὕρημα,
1045 2464 1075 2518 θί
1093 2467 1123 2518 δέ
1141 2484 1174 2535 με
1194 2467 1314 2528 παλαιοὶ,

305 2535 398 2587 ὁποῖόν
423 2553 448 2587 τι
472 2535 515 2586 καὶ
535 2534 560 2585 oi
584 2533 721 2602 Αἰγύπτιοι
739 2534 860 2596 ἐποίουν,
890 2533 984 2593 ζιοΐδιά
1002 2552 1062 2589 τινα
1081 2535 1315 2606 ἱερομλυφούντες

305 2603 349 2654 καὶ
370 2604 477 2663 λοιποὺς
502 2604 532 2654 δὲ
556 2608 684 2673 χαρακτῆ
706 2621 738 2663 ας
763 2604 802 2663 εἰς
826 2603 964 2673 σημασίαν
991 2604 1028 2656 ὧν
1047 2605 1136 2672 λέγειν
1155 2603 1313 2670 ἐβούλοντο,

304 2672 377 2724 cliro)
394 2673 438 2723 καὶ
456 2672 542 2733 αὐτοὶ,
561 2672 632 2722 redd
649 2622 704 2723 καλ)
711 2675 766 2723 τῶν
785 2689 857 2731 τινες
874 2671 991 2740 ὕστερον
1013 2670 1135 2736 Σκυδῶν,
1161 2674 1313 2745 ἐσήμαινον

305 2739 458 2812 ἃήδελον,
484 2738 583 2791 είδιολά
606 2758 666 2790 τινα
693 2740 736 2792 καὶ
761 2741 888 2810 πολυειδῆ
912 2742 1050 2808 γραμμικὰ
1069 2743 1196 2806 ξέσματα
1216 2744 1315 2813 &mod-

305 2826 405 2875 φοντες
427 2809 488 2877 ήτοι
518 2807 701 2876 ἐχγλύφοντες
728 2808 818 2867 πίναξι
842 2812 964 2864 τουτέστι
990 2814 1109 2875 σανίσιν,
1142 2811 1262 2872 ἀλλοίοις
1284 2832 1315 2866 τε

306 2876 350 2926 καὶ
373 2880 432 2936 ταῖς
457 2879 487 2928 ἐκ
510 2877 622 2938 πύξιον,
651 2876 686 2935 ἐξ
703 2876 740 2929 ὧν
760 2879 788 2929 αί
806 2878 952 2946 λεγόμεναι
973 2879 1091 2940 πυξίδες.
1127 2910 1160 2920 -
1199 2878 1315 2951 Σήματά

307 2963 389 3013 φησιν
412 2945 633 3016 ἐγκεκολαμμένα
656 2946 745 2998 πίνακι
770 2953 880 3000 πτυκτῶ
909 2953 950 3018 τῷ
969 2951 1039 3002 κατὰ
1057 2952 1107 3020 τήν
1126 2949 1314 3024 ἀρχαιοτάτην

325 3017 413 3081 ρῆσιν.
447 3019 478 3056 -“-
509 3011 613 3066 Πίνακα
630 3016 755 3079 πτυκτόν,
775 3017 792 3067 ὅ
809 3033 900 3084 φαμεν
921 3021 1000 3088 ήμεῖς
1018 3019 1109 3072 δέλτον
1127 3017 1189 3088 ἤτοι
1205 3018 1314 3085 βιβλίον

303 3031 325 3150 δ
343 3081 481 3134 πιττάκιον
510 3113 541 3122 -
562 3080 635 3153 ’Ἐχοι
653 3080 685 3135 dv
704 3102 744 3143 τις
762 3085 806 3136 καλ
824 3090 906 3138 τοῦτο
927 3089 967 3147 εἰς
983 3087 1139 3157 μαρτυρίαν
1159 3092 1206 3144 τοῦ
1225 3087 1317 3150 ξύλοις

307 3151 536 3222 ἐμχαράσοεσιλαί
551 3169 618 3205 ποτε
635 3153 796 3221 γράμματα,
822 3154 837 3204 ὃ
855 3156 976 3218 μάλιστα
994 3157 1038 3208 ἐπὶ
1055 3157 1210 3229 μορμύρων
1229 3156 1314 3211 λίύινν

309 3223 359 3271 ἐπε
378 3220 492 3290 ειρήιλη,
517 3219 558 3288 ἐφ’
584 3220 620 3272 ὧν
649 3222 693 3273 καὶ
710 3225 727 3293 ή
745 3226 797 3274 τοῦ
814 3225 935 3292 γράφειν
956 3225 1088 3294 ἁρμόττει
1106 3225 1315 3292 ὀνοματοποιΐα·

309 3290 333 3340 εἰ
356 3238 386 3338 δὲ
408 3288 451 3340 καὶ
478 3290 612 3359 συνήγετο
630 3292 646 3360 ἡ
664 3292 775 3361 τοιαύτη
795 3292 888 3352 δέλτος
907 3297 924 3365 ή
942 3295 971 3345 ἐκ
991 3294 1091 3364 πεύκης
1106 3296 1315 3370 τριχοινυειδῶς,

308 3357 376 3409 κατὰ
404 3358 467 3416 τοὺς
489 3357 609 3428 ὕστερον
631 3358 760 3420 Ἀττικοδς
784 3357 885 3421 ἄξονας
894 3401 902 3425 ,
927 3364 956 3414 ἐν
980 3361 1020 3422 οἷς
1043 3367 1316 3436 ἐπινακοχραφούντο

309 3427 395 3489 νόμοι,
424 3426 621 3496 κυριολειιτοῖτο
643 3427 675 3479 δν
703 3429 745 3481 ἐπ’
763 3428 849 3499 ἀὐτῆς
866 3431 910 3482 καὶ
928 3433 943 3484 ὁ
962 3433 1025 3484 καθ’
1037 3430 1153 3503 Ὅμηρον
1172 3432 1257 3492 πίναξ
1274 3432 1317 3485 καὶ

309 3495 421 3565 ἡπαμά
445 3498 502 3554 τοῖς
518 3498 582 3558 μεθ’
598 3495 714 3568 Ὅμηρον
734 3499 835 3556 δέλτος.
867 3530 900 3540 -
928 3500 1070 3571 Χρήσιμον
1090 3503 1120 3554 δὲ
1138 3505 1178 3563 εἰς
1196 3503 1243 3555 τδν
1263 3522 1315 3556 πα-

308 3563 394 3633 ρόντα
423 3565 504 3616 τύπον
533 3566 576 3617 καὶ
607 3567 638 3617 τὸ
666 3567 779 3619 παλαιὸν
810 3566 891 3632 ἕδος,
920 3572 983 3622 καύ’
1010 3571 1025 3621 ὃ
1052 3571 1175 3641 δένδροις
1201 3573 1256 3624 ὅσα
1273 3571 1316 3623 καὶ

237 3677 239 3682 .
309 3631 414 3691 πίναξιν
443 3634 621 3686 ἐνεκύλοιπτον
651 3637 677 3687 οἱ
705 3635 812 3688 παλαιοὶ
843 3637 877 3687 τὰ
908 3644 963 3690 τῶν
992 3639 1163 3707 φιλουμένιον
1182 3642 1314 3705 ὀνόματα,

309 3702 346 3760 ὡς
374 3700 453 3772 εἴπερ
473 3699 593 3772 Ἔρωτες
621 3705 637 3774 ἢ
667 3700 778 3774 Νύμφαι
806 3705 913 3773 ὀρειναὶ
945 3711 1027 3760 τοῦτο
1053 3708 1175 3762 ἐποίουν·
1203 3709 1270 3776 οἷον,
1297 3713 1314 3782 ἡ

310 3772 386 3831 δεῖνα
404 3772 480 3841 καλή,
500 3773 515 3824 ὁ
534 3773 612 3824 δεῖνα
629 3772 716 3834 καλός.
745 3805 778 3816 -
810 3774 853 3828 ’dz
878 3775 982 3829 τούτων
1007 3777 1038 3828 δέ
1055 3778 1099 3832 καλ
1116 3780 1250 3849 παροιμία
1268 3799 1314 3833 πα-
