3034 4434
715 535 888 589 ..g-

298 683 553 759 praestantiorem,
573 683 722 754 multoque
739 684 842 742 melius
856 690 1009 743 servatam.
1049 684 1145 756 Atque
1158 687 1214 744 hac
1227 693 1309 745 utra·

299 777 371 834 que,
400 764 430 818 et
450 759 564 820 Graeca
587 765 618 818 et
636 759 796 830 Hebraico,
822 759 968 834 farragine
996 763 1204 835 comparanda,
1230 781 1310 822 nunc

299 837 415 896 demum
441 837 527 895 altius
552 838 719 910 perspicere
743 837 857 910 licebit,
889 855 907 896 a
933 839 1036 910 quibus
1060 840 1209 912 principiis
1237 842 1307 900 olim

299 915 391 974 omnis
412 914 576 973 emendatio
595 913 734 980 librorum
755 920 786 973 et
806 915 907 974 critica
928 932 975 974 ars
1000 915 1132 988 proiecta
1159 918 1213 988 sit,
1240 935 1306 975 cum

299 991 365 1050 aliis
385 990 473 1049 rebus
493 991 638 1063 pluribus,
665 991 769 1063 quibus
796 993 944 1051 litteratae
970 994 1153 1064 antiquitatis
1178 996 1309 1065 cognitio

300 1068 479 1128 continetur:
501 1068 548 1125 cui
567 1068 663 1128 studio
687 1068 775 1126 etiam
795 1069 834 1127 ad
853 1069 1073 1142 intelligendum
1087 1076 1203 1143 poetam
1217 1088 1307 1145 saepe

298 1145 365 1220 plus
386 1143 540 1216 debemus,
567 1160 652 1217 quam
671 1144 719 1203 hic
738 1146 818 1204 locus
839 1147 945 1219 capiat.
986 1147 1069 1218 Quod
1090 1154 1187 1206 autem
1207 1149 1309 1220 impri-

299 1222 355 1280 mis
376 1221 503 1280 uotabile
518 1226 572 1293 est,
587 1227 617 1280 et
629 1221 749 1280 Venetis
764 1223 808 1280 his
823 1223 907 1282 codd.
921 1224 1055 1281 eximimn
1068 1225 1193 1296 pretium
1207 1225 1309 1296 addit3

302 1299 468 1372 accepimus
487 1299 517 1356 in
537 1299 593 1356 illis
613 1315 742 1358 normam
764 1305 794 1358 et
813 1301 896 1371 quasi
916 1301 1064 1368 amussim,
1092 1302 1129 1359 ad
1150 1317 1235 1372 quam
1259 1319 1310 1360 oo·

300 1375 398 1434 dicum
417 1380 594 1444 nostrorum,
617 1381 647 1434 et
667 1392 766 1434 eorum
787 1378 836 1448 qui
855 1377 978 1449 posthac
998 1376 1193 1450 conferentur,
1215 1380 1310 1450 quali·

301 1459 347 1512 tas
368 1458 398 1511 et
418 1453 544 1512 conditio
564 1451 685 1511 firmiter
705 1453 782 1526 exigi
801 1454 903 1527 possit.

359 1529 436 1588 Illud
455 1530 512 1588 iam
531 1547 607 1589 nunc
620 1547 671 1590 uos
686 1529 785 1589 docuit
798 1548 867 1589 usus
888 1532 1069 1604 variantium,
1090 1547 1161 1603 quas
1176 1548 1211 1589 ex
1225 1534 1311 1603 quin·

264 1625 290 1665 ro
303 1623 360 1680 que
374 1605 457 1666 codd.
471 1607 741 1667 Vindobouensibus
763 1608 856 1666 edidit
867 1609 995 1681 Alterus,
1015 1610 1059 1666 vir
1079 1608 1262 1667 doctissimus
1278 1619 1310 1667 et

305 1682 454 1742 indefessa
472 1684 626 1743 industria
666 1684 724 1744 Sed
742 1684 799 1743 hae
823 1686 977 1758 lectiones,
1002 1702 1067 1744 cum
1085 1685 1205 1744 Venetis
1231 1694 1311 1744 cete-

299 1762 399 1833 risque
419 1762 510 1835 copiis
530 1767 732 1835 comparatae,
752 1762 823 1819 mihi
843 1778 944 1834 parum
966 1763 1029 1836 spei
1048 1763 1223 1834 relinquunt,
1243 1761 1309 1822 iore

300 1848 334 1897 ut
354 1837 392 1897 ad
411 1838 506 1898 iliada
525 1838 641 1911 quidem
661 1855 698 1897 ex
717 1837 864 1897 codicibus
884 1839 976 1896 multo
995 1854 1069 1896 nova
1090 1843 1120 1895 et
1147 1841 1309 1911 praecipua

302 1932 424 1988 usquam
452 1915 604 1989 prodeant.
643 1916 718 1975 Nam
744 1915 802 1987 ipsi
824 1914 958 1972 meliores
983 1913 1050 1971 libri
1070 1913 1309 1974 vindobonenses

300 1993 374 2051 uihil
405 1993 484 2051 aliud
516 1990 579 2051 iere
609 1992 666 2050 nisi
690 1992 809 2062 cognita
833 1998 863 2049 et
888 1991 958 2049 alibi
981 1995 1101 2063 reperta
1129 1990 1310 2065 confirmant,

301 2085 390 2142 quom
421 2085 457 2128 ex
483 2070 519 2128 iis
544 2075 700 2143 appareat,
726 2084 801 2140 quae
827 2067 966 2126 lectiones
997 2067 1083 2125 alicui
1112 2068 1306 2140 posteriorum

299 2152 461 2220 temporum
476 2145 670 2206 Grammatico
688 2145 735 2203 vel
754 2144 874 2203 librario
888 2144 1126 2217 praestabiliores
1141 2146 1222 2203 visae
1237 2147 1303 2203 sint.

299 2222 468 2283 Cuiusmodi
488 2223 677 2282 auctoritates
698 2222 833 2294 quoniam
853 2237 908 2280 nec
927 2223 1010 2295 ipsae
1031 2237 1085 2295 per
1104 2238 1151 2293 se,
1176 2238 1231 2279 nec
1253 2240 1308 2280 nu-

296 2316 395 2366 merus
417 2305 447 2359 et
464 2298 619 2359 multitudo
640 2314 739 2358 earum
760 2297 916 2371 quidquam
938 2299 1076 2359 momenti
1095 2296 1198 2370 iaciat,
1219 2315 1306 2372 prae-

299 2379 401 2437 sertim
421 2377 446 2436 si
465 2392 522 2437 nou
541 2377 715 2449 nominatae,
736 2383 888 2436 auctorum
908 2378 1051 2450 gravitate
1071 2382 1205 2447 careant,
1226 2377 1306 2434 haud

298 2455 397 2530 paullo
417 2455 483 2528 plus
503 2470 687 2514 accessurum
707 2460 806 2527 putem
826 2453 893 2512 huic
912 2454 1068 2527 apparatui
1088 2454 1257 2524 lectionum,
1279 2455 1305 2510 si

298 2532 354 2592 viri
379 2531 457 2592 docti
481 2530 568 2605 plura
593 2530 743 2591 Glossaria
770 2537 800 2590 et
826 2531 942 2589 Scholia
972 2529 1083 2588 inedita
1115 2532 1305 2601 excusserint,

298 2625 386 2683 quam
405 2609 431 2667 si
450 2625 502 2668 nos
523 2609 681 2668 ditaverint
700 2608 800 2667 decem
820 2607 866 2664 vel
886 2607 988 2678 viginti
1017 2621 1154 2664 uovorum
1175 2607 1305 2665 codicum

298 2685 459 2758 seripturis.
499 2685 607 2757 Quidni
627 2691 723 2743 autem
743 2683 817 2741 illud
835 2683 920 2739 unius
941 2681 1061 2740 Homeri
1081 2683 1177 2754 gratia
1197 2700 1306 2757 operae

299 2762 426 2835 pretium
450 2761 509 2819 sit?
535 2760 650 2833 quaudo
673 2761 797 2818 aliorum
820 2758 959 2816 librorum
984 2764 1129 2831 veterum,
1157 2776 1304 2819 sacrorum

299 2837 431 2910 quidem,
457 2837 560 2896 critica
582 2836 739 2894 illustratio
766 2833 920 2893 admodum
940 2850 1033 2907 nuper
1053 2840 1097 2894 tot
1117 2852 1206 2907 equos
1227 2839 1304 2896 viros

300 2913 440 2986 exercuit,
460 2913 539 2986 ipsos
554 2912 627 2972 adeo
640 2912 778 2984 Europae
791 2910 863 2969 fines
878 2927 1005 2984 egressa,
1025 2917 1194 2984 tantumque
1208 2914 1307 2972 bausit

299 3006 488 3063 nummorum,
509 3006 630 3062 quorum
649 2989 739 3048 tertia
757 2995 842 3062 parte
862 3005 975 3062 pauper
988 2988 1131 3048 Homerus
1152 2996 1305 3048 contentus

301 3074 388 3127 asset.
437 3067 522 3127 Nune
548 3068 597 3126 ille
623 3065 718 3125 adhue
743 3065 948 3125 Kounicottum
974 3083 1056 3124 suum
1083 3073 1245 3140 exspectat,
1272 3075 1306 3126 ut

300 3138 426 3217 denique
452 3149 579 3218 constet,
605 3143 675 3216 quid
701 3143 815 3202 omniuo
841 3143 871 3200 iu
897 3143 1056 3216 deperditis
1086 3145 1304 3217 numerandum,

300 3222 382 3281 ouius
403 3220 498 3280 adhuc
517 3222 601 3294 quasi
621 3237 657 3279 ex
677 3220 839 3293 quisquiliis
859 3219 1033 3280 corradendi
1046 3236 1113 3293 spes
1127 3222 1239 3293 reliqua
1253 3223 1306 3280 sit.

778 3402 822 3475 V.

361 3526 516 3603 Gaudebo,
536 3531 563 3589 si
580 3530 670 3592 falsus
690 3529 786 3591 fuero:
811 3533 882 3592 mihi
901 3550 970 3596 vero
989 3538 1101 3609 paratis
1129 3530 1232 3611 opibus
1258 3547 1305 3588 ac·

261 3606 507 3680 requiescendum
526 3609 650 3681 putanti,
671 3624 758 3680 quum
779 3607 928 3682 Odysseae
947 3618 1061 3672 tantum
1080 3631 1169 3674 novos
1189 3608 1304 3666 codices

301 3700 481 3757 quaererem,
501 3685 600 3744 statim
620 3686 656 3745 ab
678 3701 712 3746 eo
732 3692 873 3761 tempore,
893 3705 949 3760 quo
963 3695 1051 3763 poeta
1064 3692 1186 3764 primum
1206 3686 1236 3742 in
1249 3684 1305 3742 hac

199 3832 202 3840 α
292 3761 374 3822 urbe
393 3762 459 3822 usui
479 3760 641 3823 scholarum
661 3763 907 3838 aptaretur,‚ipsa
926 3774 995 3826 tuuc
1015 3783 1102 3826 carrae
1121 3783 1204 3827 meae
1223 3759 1306 3819 iesti-
