3034 4434
617 568 653 578 -
677 541 737 609 123,
758 567 797 578 -

209 687 265 746 eius
284 687 411 761 primum
429 689 579 748 meliorem
599 688 707 746 cultum
719 689 821 749 hurum
836 689 1000 762 Garminum
1012 692 1203 765 repetunt⁷⁰);

207 765 262 838 ulii,
280 766 312 826 in
332 763 378 823 bIs
398 763 513 824 infimae
533 765 641 824 aetatis
655 764 844 846 scholiastae,
864 768 944 827 illum
957 768 1084 827 levitatis
1099 776 1129 827 et
1142 776 1204 827 stu·

207 841 244 900 dii
263 840 440 915 ineptiarum
459 842 567 901 acriter
587 848 732 901 accusant.
772 843 817 901 Ac
829 860 898 903 sane
912 845 1054 919 plurimae
1067 846 1206 906 lectiones

207 920 265 978 cius
285 926 347 978 tum
361 924 429 977 sunt
441 919 655 991 improbabiles,
677 927 707 978 et
720 936 738 979 a
751 925 834 979 tanta
847 922 1012 981 temeritate
1023 921 1122 982 iudicii
1136 939 1203 995 pro·

205 994 308 1068 lectae,
328 1000 362 1054 ut
380 995 424 1054 ita
444 995 598 1055 emendare
611 997 657 1054 vel
670 998 794 1056 tironem
806 997 894 1057 hodie
907 995 1075 1071 pudeat⁷1);
1096 996 1203 1077 ἀθετη·

205 1090 279 1131 σειυν
301 1078 399 1131 antem
412 1078 495 1131 tanta
509 1079 553 1131 est
565 1072 720 1132 multitudo
733 1089 768 1132 ac
780 1074 907 1146 licentia,
921 1081 953 1133 ut
967 1076 1108 1135 nonnullis
1123 1078 1200 1135 visus
1219 1089 1257 1131 τοι

205 1151 242 1208 sit
254 1149 414 1210 Homerum
431 1167 523 1224 prope
537 1166 578 1211 cx
587 1150 717 1221 Homero
736 1151 848 1210 tollere.
883 1153 996 1226 Quippe
1014 1169 1103 1227 saepe
1117 1170 1201 1227 prae-

205 1226 380 1286 clarissimos
395 1232 425 1284 et
436 1227 560 1300 optimos
574 1243 674 1285 versus
689 1228 837 1301 expungit,
857 1228 1001 1288 interdum
1014 1234 1091 1289 tutas
1101 1227 1202 1308 ῥήσεις

204 1304 391 1376 contaminat,
407 1304 466 1362 alia
476 1304 628 1376 contrahit
639 1305 699 1362 alia
709 1303 801 1377 addit,
811 1322 980 1378 omnemque
992 1305 1047 1366 sibi
1058 1309 1087 1364 in
1096 1307 1199 1380 Iliada,

203 1381 283 1440 velut
302 1380 333 1438 in
352 1382 502 1454 proprium
520 1397 601 1455 opus,
622 1388 742 1454 arrogat
759 1381 988 1455 potestatemv).
1029 1384 1138 1457 Quodsi
1157 1385 1200 1443 its

241 1600 245 1605 ,
273 1545 310 1610 ⁷⁰)
328 1543 456 1599 Celebres
473 1543 501 1596 iu
518 1543 590 1598 hauc
610 1544 771 1599 sententiam
788 1550 954 1598 versussunt
965 1543 1079 1598 Ausonii
1090 1543 1118 1598 in
1129 1545 1207 1601 Ludo

205 1611 265 1672 vn.
283 1611 451 1681 Sapientum,

359 1679 485 1735 Maeonio
502 1680 609 1748 qualem
627 1679 729 1734 cultum
747 1678 881 1747 quaesivit
897 1679 1015 1734 Homero

395 1747 497 1807 Cenaei
518 1750 680 1801 Aristarchus
697 1763 844 1815 normaque
863 1749 992 1800 Zenodoti.

206 1818 300 1886 Neque
319 1817 401 1871 adum
419 1815 454 1870 ab
474 1816 569 1871 eodem
586 1822 669 1884 poeta
686 1815 832 1938 εἰηηίίὶοοτί
853 1821 919 1896 puto
936 1814 1024 1884 Epist.
1041 1816 1143 1883 XVIII,
1160 1822 1202 1873 28.

206 1887 251 1941 ubi
272 1891 384 1955 praeter
406 1883 556 1939 Varronem
579 1892 607 1939 et
630 1884 697 1939 alios
744 1885 832 1940 atium
853 1901 881 1937 ru
906 1899 1017 1940 numero
1043 1884 1203 1941 Gridcorum

206 1957 343 2023 ponuntur
360 1953 463 2021 Crates,
481 1953 661 2021 Aristarchus,

342 2021 448 2091 Quique
467 2021 535 2076 sacri
553 2022 672 2077 lacerum
691 2022 800 2090 collegit
818 2037 849 2076 co
884 2038 916 2075 ns
933 2022 1056 2077 Homeri.

205 2090 347 2145 Pleistrato
364 2091 409 2144 bic
427 2091 501 2144 locus
518 2106 572 2145 non
590 2096 639 2158 est,
663 2090 747 2144 multo
766 2089 853 2144 miuus
887 2091 1003 2160 ynaetho
1015 2097 1046 2145 ut
1064 2106 1152 2160 nuper
1167 2092 1210 2146 vir

207 2159 302 2214 doctus
318 2158 441 2226 putabat.

272 2245 310 2312 ⁷¹)
328 2244 486 2313 speciminis
503 2244 562 2298 loco
581 2244 625 2299 hic
642 2259 745 2312 paucas
762 2244 891 2313 quasdam
909 2260 944 2298 ex
955 2247 1084 2299 immenso
1096 2263 1207 2302 numero

206 2313 344 2368 subiiciam
361 2311 499 2380 lectiones,
517 2327 616 2381 easque
634 2329 688 2367 non
706 2328 738 2367 ec
756 2313 867 2367 consilio
881 2320 1031 2380 excerptas,
1049 2320 1080 2366 ut
1090 2316 1207 2381 pessima

223 2397 268 2436 ars
286 2380 435 2436 Zenodotei
453 2387 544 2434 textus
562 2387 745 2449 cognoscatur.
782 2380 810 2434 λ.
823 2385 857 2436 68
882 2380 956 2435 dedit
974 2382 1135 2450 ἐκαθέζετο,
1162 2383 1209 2436 ubi

257 2451 293 2505 oi.
314 2447 366 2503 oca
385 2451 417 2522 ἐᾷ
436 2447 468 2502 Ζ.
487 2448 632 2519 ἑλληνίζειν
652 2451 699 2502 τὸν
711 2447 837 2519 Ὅμηρον.
850 2453 891 2503 80.
910 2448 1040 2517 κρείσσω,
1060 2465 1140 2516 quam
1152 2450 1207 2506 ion·

205 2535 278 2574 mam
296 2517 379 2572 etiam
395 2519 423 2575 in
442 2516 570 2572 similibus
588 2518 683 2586 tenuit,
701 2524 731 2571 ut
747 2520 806 2573 249.
827 2516 932 2585 γλοιίνν.
951 2521 1010 2571 351.
1024 2520 1124 2588 χεῖρας
1139 2518 1206 2569 ἀνα·

206 2587 283 2648 πτάς.
301 2607 326 2656 γ.
344 2590 386 2641 56.
409 2583 505 2656 Τρῶες
521 2586 676 2657 ἐλεήμονες.
695 2589 728 2652 (v.
747 2584 783 2639 ad
794 2589 853 2640 453.
872 2590 900 2638 et
911 2604 935 2655 η.
948 2588 1018 2645 390.)
1035 2584 1205 2655 273.Ἀρνῶν

206 2657 235 2709 ἐκ
260 2655 417 2724 κεφαλαίων
441 2670 483 2721 ap.
509 2653 599 2723 Etym.
623 2655 660 2708 M.
683 2670 710 2723 p.
728 2657 788 2710 507.
806 2672 829 2707 ε.
847 2658 888 2708 53.
908 2655 1048 2725 χραῖσμεν
1071 2654 1204 2706 θανάτοιο

205 2724 329 2793 πέλωρα.
353 2724 374 2783 ζ.
395 2728 452 2778 112.
474 2721 575 2792 Ὰνέρες
598 2721 662 2775 ἔστε
684 2723 755 2787 dool,
780 2723 823 2775 rol
840 2721 973 2784 ἀμύνετον
1000 2719 1083 2775 ἄστεϊ
1102 2722 1204 2792 λώβην,

205 2793 234 2847 d.
256 2796 313 2847 128.
341 2788 576 2861 Ἐρσσιπτόλεμον,
596 2791 689 2846 relicto
708 2797 799 2845 tamen
816 2794 875 2845 312.
912 2791 1127 2862 Ἀρχεπτόλεμον.
1145 2795 1204 2846 501.
1287 2794 1294 2800 ”

198 2860 267 2916 luci
292 2861 355 2921 Διὸς
378 2860 517 2931 ἐτράπετο
540 2860 614 2981 φρην
638 2875 672 2913 ex
695 2859 1079 2915 1.45.ubiv.Scholl.558.
1116 2857 1205 2930 Μυρία
1346 2867 1353 2883 ·

207 2931 237 2982 δ’
259 2931 290 2981 ἐν
315 2928 408 2998 πεδίῳ.
445 2948 459 2981 ι.
479 2929 538 2983 637.
573 2928 676 2996 ’θρόον
700 2929 730 2980 ἐκ
756 2929 879 2980 Δαναῶν.
916 2947 939 2981 1.
958 2932 1017 2983 306.
1047 2928 1154 2988 ,Αὐτοὺς
1177 2929 1204 2980 οἳ

235 2998 354 3069 ιρὲονσιν
378 2997 504 3062 ἀμύμονα
530 2993 678 3067 Πηλείωνα,
720 2996 735 3048 λ
768 3001 810 3051 27.
849 2994 1007 3065 Ἐρίδεσσιν.
1040 3015 1068 3060 μ.
1091 3002 1133 3052 34.
1168 2997 1205 3057 ὡς

224 3067 335 3131 palleo.
364 3063 433 3118 Ἐστί
451 3066 481 3117 δὲ
498 3065 598 3135 βάρβα
619 3083 662 3128 ον,
688 3064 763 3118 addit
781 3065 867 3119 Schol.
887 3070 928 3120 75.
946 3062 996 3134 ἄγε
1014 3067 1069 3126 τὼς
1085 3063 1126 3118 ἄν.
1148 3069 1205 3121 153.

223 3136 332 3189 ιίεσσιν.
349 3138 408 3188 444.
428 3134 488 3187 ἐπεὶ
503 3135 572 3186 θεοῦ
592 3083 684 3186 ileos
704 3133 798 3216 σὸδην.
822 3131 846 3191 ἔ.
868 3136 922 3189 177.
948 3134 1046 3194 καλοὺς
1062 3134 1106 3186 καί
1123 3136 1204 3204 μεγά-

207 3206 283 3265 λους.
303 3223 327 3256 ο.
348 3207 404 3257 134.
422 3202 496 3256 Aac
530 3206 592 3261 ,τοῖς
609 3197 711 3254 ἄλλοισι
732 3201 807 3261 θετις
824 3202 895 3271 μέγα
912 3206 987 3271 πῆμα
1000 3207 1142 3272 φυτεῦσαι.
1153 3207 1205 3258 439

207 3275 329 3327 τέκεσσι.
347 3273 405 3326 716.
425 3272 472 3323 οὐκ
504 3272 605 3333 μεθίει.
633 3289 659 3323 π.
677 3273 736 3324 202.
763 3272 928 3340 μητιάασθε.
946 3275 1006 3328 697.
1034 3270 1101 3331 ἕλες.
1123 3291 1150 3339 ρ.
1169 3276 1211 3326 51.

208 3340 365 3410 Χαρίτεσσι
382 3341 514 3404 μέλαιναι.
536 3343 591 3394 153,
609 3337 671 3390 κύον
691 3337 776 3407 ἔτλης,
796 3333 980 3409 582.Ἕιιτσρα
998 3340 1028 3392 δὲ
1045 3359 1067 3409 φ
1086 3341 1135 3392 ε’να
1152 3340 1212 3400 δῖος

199 3409 285 3480 ’Ἄρης
311 3405 419 3480 ὤτρυνε
451 3407 603 3486 μετελθῴν.
627 3425 653 3461 σ.
677 3410 736 3485 385..
760 3411 820 3487 424.
847 3409 1026 3530 ημετερόνδε.
1065 3360 1209 3487 incollones

207 3493 278 3532 voco
296 3476 372 3544 haec,
390 3493 444 3530 non
462 3484 649 3531 correctiones.
684 3473 750 3541 Quis
768 3491 838 3529 emm
875 3492 924 3531 aec
941 3492 1030 3530 omma
1047 3476 1104 3530 aZ.
1121 3490 1208 3543 primo

208 3545 239 3600 in
255 3551 362 3600 textum
381 3543 455 3609 illata
473 3560 531 3599 esse
549 3541 714 3598 crediderit?

200 3629 203 3633 ’
282 3630 318 3699 ⁷²)
337 3630 432 3686 Statim
450 3629 494 3683 hic
510 3627 625 3682 iudicem
644 3626 713 3683 dabo
732 3628 872 3698 utriusque
891 3630 997 3698 generis
1009 3644 1141 3694 versuum,
1159 3630 1214 3697 pri-

210 3715 286 3753 murn
298 3714 398 3763 eorum,
427 3697 505 3751 uibus
516 3705 547 3750 ut
554 3695 686 3765 suspectis
691 3704 783 3751 notam
794 3698 953 3765 suspicionis
965 3713 1028 3751 suae
1042 3705 1215 3766 apposuerat,

211 3774 249 3836 (v.
259 3783 341 3837 supra
350 3767 398 3835 Op.
488 3765 628 3821 lIIannot.
642 3767 680 3832 9.)
691 3771 750 3852 tum
769 3780 869 3835 eorum,
888 3782 955 3834 quos
973 3764 1078 3820 omnino
1096 3780 1150 3819 non
1166 3782 1215 3835 po-
