3034 4434
643 532 756 591 -177
786 563 824 575 -

235 687 351 743 minimo
373 686 489 743 dubium
511 690 564 756 cst,
585 687 639 743 etsi
659 687 689 742 in
708 685 830 743 Psalmis
852 690 881 743 et
900 687 930 743 in
943 685 1095 760 Prophetis
1116 687 1230 759 quibus·

235 764 300 821 dam
323 763 485 834 antiquiora
499 770 529 820 et
548 763 710 820 recentiora
724 761 864 833 Carmina¹
876 769 963 835 atque
976 763 1112 823 vaticinia
1124 763 1231 824 diversi

234 840 349 913 goiroris
375 838 493 898 confusa
516 838 665 898 fortuitam
692 839 789 912 potius
810 856 895 910 quam
915 837 1097 900 artificiosam
1117 857 1230 915 compa·

234 919 330 990 ginem
355 917 488 989 produnt.
526 915 657 974 Alterum
684 932 739 988 quo
765 933 871 988 magna
890 915 1047 977 similitudo
1065 917 1166 977 horum
1186 935 1231 978 sa-

233 1011 346 1052 crorum
373 994 545 1052 voluminum
571 1000 600 1051 et
619 993 737 1052 Homeri
764 993 903 1062 cernitur,
929 992 1045 1054 fortuna
1076 1000 1121 1054 est
1139 995 1230 1069 ipsius

233 1078 338 1130 textus.
385 1071 459 1128 Nam
492 1071 724 1142 quamprimum
750 1070 955 1141 colligerentur
980 1072 1031 1130 illa
1056 1072 1231 1147 nonpotuit
1286 1126 1289 1139 ,

233 1165 291 1206 una
315 1156 345 1206 et
371 1153 503 1206 constans
528 1145 686 1224 παράδοσις
712 1163 776 1205 esse
796 1152 905 1216 textus,
933 1153 1012 1206 certe
1031 1164 1088 1207 non
1107 1149 1137 1207 iu
1157 1150 1230 1209 anti·

234 1225 382 1297 quioribus
406 1223 546 1299 partibus,
591 1224 712 1296 [Tamen
734 1223 796 1295 jam
815 1223 1074 1283 Alexandrinorum
1100 1231 1230 1300 tempore

233 1301 294 1361 fere
321 1303 440 1375 vudgata
465 1301 606 1373 quaedam
635 1299 727 1360 forma
756 1300 896 1374 inducta]
940 1301 1128 1361 Alexandrini
1157 1303 1231 1363 euim

234 1381 407 1452 interpretes
427 1380 564 1437 nonnulla
584 1395 620 1437 ex
639 1380 697 1437 alia
717 1395 802 1450 quam
822 1394 895 1449 quae
914 1378 1001 1438 hodie
1021 1376 1113 1438 fertur
1131 1395 1232 1439 recen·

234 1457 312 1516 sione
334 1457 509 1515 convertisse
523 1461 643 1515 constat.
677 1455 731 1513 His
746 1460 843 1513 autem
862 1456 933 1529 ipsis
949 1455 1061 1514 Christo
1080 1461 1152 1516 nato
1164 1473 1232 1531 pro·

233 1532 362 1607 pioribus
383 1534 505 1592 saeculis
531 1533 639 1605 aliquid
659 1549 750 1591 novae
771 1549 877 1606 operae
897 1538 1032 1590 navatam
1054 1549 1117 1591 esse
1138 1532 1230 1593 credi·

233 1611 293 1669 bile
314 1609 359 1683 fit,
388 1612 448 1669 sive
475 1626 506 1668 re
527 1609 613 1668 adid
635 1609 773 1683 ducente,
803 1625 855 1668 seu
876 1625 911 1667 ex
931 1609 1062 1668 Graecae
1081 1609 1231 1670 doctrinae

234 1687 426 1747 aemulatione
447 1686 616 1760 quadam³⁸)
650 1687 773 1762 [quanta
798 1687 827 1744 in
856 1685 965 1744 Iudaea
993 1686 1110 1758 ingenia
1139 1687 1230 1761 cadit]

235 1781 396 1838 perquam
424 1766 482 1824 alia
508 1765 594 1822 etiam
621 1764 651 1821 in
676 1763 836 1823 Bibliorum
865 1763 1068 1823 tractationem
1078 1762 1115 1836 39)
1162 1769 1175 1823 t
1200 1764 1230 1822 in

236 1843 329 1914 ipsam
351 1842 518 1914 religionem
545 1840 736 1900 Christianam
765 1841 907 1900 translata
939 1845 1012 1899 sunt.
1060 1839 1146 1900 Certe
1176 1843 1231 1900 tal-

237 1916 367 1976 mudicae
386 1921 510 1992 vestigia
529 1919 646 1976 criticae
661 1923 776 1977 exstant
789 1917 930 1990 ejusmodi
943 1922 976 1975 ut
989 1917 1132 1978 doctiores
1147 1935 1231 1991 quos·

237 1994 345 2052 damin
364 1997 518 2055 lectionum
539 1997 682 2055 variarum
703 1995 818 2054 delectu
836 1995 894 2054 iam
914 1995 1060 2067 aliquanto
1080 2001 1147 2054 aute
1166 1995 1231 2055 Ma·

235 2089 329 2131 soram
354 2073 499 2132 conditam
524 2079 653 2132 versatos
679 2089 743 2132 esse
763 2078 906 2146 oporteat.
939 2073 1007 2146 Ipsa
1026 2089 1094 2133 vero
1111 2072 1230 2132 Masona
1314 2068 1318 2076 '

236 2165 320 2220 quum
334 2151 469 2222 congerie
489 2151 631 2210 variarum
653 2152 813 2223 glossarum
833 2156 863 2209 et
882 2151 1061 2209 notationum
1074 2148 1229 2222 constet40)

233 2226 311 2285 haud
325 2224 412 2284 dubie
421 2228 518 2299 plures
532 2227 620 2286 habet
633 2228 810 2300 antiquiores
823 2229 986 2287 notationes
1000 2244 1120 2298 quarum
1134 2233 1230 2286 tamen

233 2310 366 2363 auctores
386 2305 482 2363 omissi
506 2312 597 2364 totam
617 2321 678 2362 rem
698 2303 931 2364 obscuraverunt.
970 2305 1114 2363 Maturius
1134 2309 1230 2363 tamen

233 2380 361 2439 Hebraei
379 2397 463 2453 quam
478 2382 581 2441 Graeci
602 2381 749 2440 desierunt
768 2397 856 2440 novas
869 2381 1007 2440 lectiones
1021 2382 1185 2454 excogitare
1200 2386 1230 2440 et

233 2458 318 2515 simul
331 2457 476 2517 inductam
489 2456 645 2536 παράδοσιν
660 2458 731 2530 et41)
746 2463 847 2530 aperte
860 2455 1032 2530 vitiatamffl)
1047 2473 1230 2517 consecrare·

233 2539 309 2592 runt.
360 2535 459 2609 Longe
494 2553 563 2610 ergo
596 2537 719 2595 maxima
751 2552 820 2609 pars
853 2534 986 2593 vitiorum
1018 2550 1091 2607 quae
1116 2550 1230 2594 sacrum

234 2617 344 2669 textum
364 2612 590 2686 corrumpuut43)
602 2613 663 2685 jam
684 2612 889 2686 antiquissimis
904 2611 1081 2685 temporibus
1096 2616 1165 2670 nata
1176 2617 1229 2685 est,

234 2705 321 2759 quum
340 2690 369 2747 in
388 2691 468 2748 illum
487 2708 543 2750 non
563 2692 654 2750 minus
676 2690 731 2749 sibi
750 2691 839 2749 licere
859 2694 997 2763 putarent
1016 2689 1122 2748 Judaei
1143 2705 1228 2762 quam

234 2767 264 2823 in
284 2768 410 2837 quemvis
430 2768 583 2826 humanum
602 2768 710 2842 librum¹
726 2774 862 2827 veterem.
902 2766 973 2826 Sero
994 2767 1069 2825 enim
1087 2766 1136 2824 hic
1148 2783 1229 2826 error

233 2844 376 2902 succrevit
394 2845 442 2917 qui
463 2846 575 2918 singula
594 2846 682 2904 verba
701 2844 889 2919 scriptoribus
908 2844 966 2902 illis
986 2843 1068 2915 quasi
1087 2843 1229 2905 dictatae

233 2921 348 2979 numine
373 2920 508 2994 fingerem
540 2922 641 2997 [neque
661 2924 690 2980 in
710 2940 774 2982 eam
794 2920 997 2995 opinionem44)
1018 2921 1168 2993 quisquam
1187 2923 1229 2980 in-

235 2996 331 3056 cidere
351 3004 479 3071 poterat,
494 3000 641 3072 quamdiu]
663 3000 734 3058 satis
761 2998 1112 3072 obstabat⁴⁵idiversitas
1132 3005 1228 3059 textus

235 3074 363 3144 pluribus
383 3077 453 3134 locis
473 3076 631 3148 traditatss).
663 3076 747 3135 Adde
768 3075 843 3148 quod
865 3076 950 3134 etiam
963 3081 1066 3148 postea
1084 3077 1186 3135 eadem
1198 3077 1228 3136 in

236 3149 350 3210 licentia
370 3153 478 3212 versati
498 3159 564 3211 sunt
584 3154 670 3227 docti,
680 3154 808 3212 homines
821 3154 851 3209 in
864 3153 1099 3215 translationibus
1113 3154 1227 3214 Veteris

236 3225 412 3287 Testamenti
424 3229 606 3303 refingeudis,
628 3230 730 3302 quibus
744 3236 841 3289 tamen
860 3246 916 3290 non
935 3231 1073 3291 minorem
1092 3230 1226 3306 proponi

236 3320 320 3375 quam
346 3306 489 3365 Hebraeis
515 3309 601 3366 textis
628 3308 806 3367 divinitatem
830 3307 1000 3367 tribuerent.
1032 3309 1114 3368 Haec
1133 3309 1229 3368 omnia

234 3386 381 3455 reputanti
395 3385 471 3443 visus
483 3390 528 3443 est
537 3400 619 3444 sacer
633 3390 729 3444 textus
739 3384 996 3459 Masorethiousa)
1010 3386 1067 3446 iam
1082 3392 1149 3446 ante
1160 3385 1226 3445 Chr.

303 3562 339 3628 38)
362 3562 519 3617 imitatione.
622 3564 657 3632 39)
682 3563 861 3620 traditionem.
963 3568 1000 3634 4⁰)
1020 3564 1124 3621 offerat.

234 3630 271 3696 41)
293 3629 343 3684 rel.
445 3632 481 3698 42)
507 3630 609 3685 falsam.
711 3633 746 3703 43)
770 3633 867 3702 quibus
884 3649 960 3691 sacer
976 3640 1067 3689 textus
1084 3639 1226 3703 corruptus

236 3702 285 3751 est.
395 3699 431 3767 44)
458 3715 581 3754 errorem.
688 3703 724 3771 45)
747 3701 918 3771 impediebat.
1019 3703 1055 3772 46)
1077 3702 1225 3760 manifesta.

234 3767 270 3839 44)
288 3781 388 3836 parem.
490 3769 526 3839 48)
543 3773 641 3825 noster.
