3034 4434
729 549 907 601 ..32-

317 698 394 758 beat.
435 698 493 756 Sed
517 699 611 757 locum
636 697 698 754 eius
717 695 800 754 uobis
819 695 968 755 Diodorus
989 695 1164 768 transmisit3
1184 696 1320 757 Herodo-

316 782 377 834 tum
397 775 490 848 ipsum
509 775 641 846 legimus.
661 772 818 831 Enimvero
837 772 884 831 hic
905 773 966 830 veri
981 773 1195 832 amantissimus
1206 775 1320 847 pariter

318 858 348 910 et
366 849 497 910 lictorum
517 850 638 924 cupidus
657 855 791 908 narrator
812 849 867 908 hoc
888 865 1002 921 quoque
1022 850 1087 908 loco
1106 854 1189 908 tenet
1208 867 1319 910 morem

317 944 413 1000 suum,
447 944 533 1000 quum
558 943 670 987 senon
695 931 806 985 certam
831 933 861 984 et
885 927 971 998 vulgo
996 926 1137 984 creditam
1162 943 1241 1000 rem,
1268 928 1322 987 sed

277 1003 422 1062 “famam
446 1004 591 1076 quandam
621 1003 676 1062 sibi
700 1003 853 1076 probatam
878 1003 984 1062 afferre
1010 1001 1208 1076 significate).
1252 1005 1321 1066 Non

315 1082 460 1154 potuisset
472 1081 564 1154 magis
578 1082 717 1153 ingenue3
731 1096 825 1153 neque
839 1096 894 1153 par
905 1080 1037 1153 putanda
1052 1086 1097 1138 est
1110 1080 1197 1153 culpa
1210 1097 1320 1155 eornm,

317 1158 365 1230 qui
391 1159 480 1217 talem
506 1174 650 1218 rumorem
678 1174 731 1230 pro
757 1162 837 1216 certo
864 1157 988 1230 amplexi
1010 1163 1091 1235 sunt,
1118 1162 1208 1229 atque
1227 1159 1320 1232 ipsius

314 1234 453 1307 historici,
473 1236 499 1294 si
517 1237 593 1294 hunc
612 1233 688 1294 forte
707 1234 783 1293 ratio
802 1231 914 1307 fefellit,
946 1234 1022 1306 quod
1041 1235 1084 1292 illi
1105 1240 1135 1292 et
1154 1234 1225 1294 alibi
1245 1236 1321 1295 acci·

317 1311 368 1383 dit,
391 1319 420 1369 ct
439 1314 469 1370 in
489 1319 558 1372 nota
578 1313 723 1371 sententia
736 1311 773 1369 de
786 1311 913 1370 Homero
927 1318 957 1369 et
974 1310 1114 1383 Hesiodo,
1134 1312 1236 1384 primis
1251 1329 1321 1372 con-

317 1387 457 1448 ditoribus
481 1390 655 1462 theogoniae
686 1389 816 1448 Graecae
829 1386 875 1460 ¹⁷).
925 1389 1028 1461 Itaque
1057 1390 1121 1461 ipse
1150 1387 1318 1449 Herodotus

383 1638 418 1703 16)
436 1635 468 1690 V.
484 1641 527 1692 58.
564 1636 594 1689 dt
621 1632 740 1696 Φοίνικες
762 1635 788 1686 οἱ
811 1634 862 1687 σὺν
886 1629 991 1704 Κάδμῳ
1016 1634 1172 1706 ἀπεχόμενοι
1196 1664 1228 1675 -
1248 1633 1317 1689 ἄλλα

315 1723 346 1757 τε
370 1705 455 1757 πολλὰ
492 1706 650 1776 οἰκήσαντες
673 1705 776 1771 ταύτην
801 1705 850 1773 τὴν
864 1702 979 1787 χώρην,
1003 1703 1130 1772 ἐςήγογον
1156 1704 1317 1758 διδασκάλια

314 1773 343 1833 ἐς
369 1773 430 1833 τοὺς
446 1745 588 1843 Ἕλληνας,
618 1772 662 1825 καὶ
685 1773 718 1843 δὴ
745 1771 790 1822 καὶ
814 1788 981 1840 ypapante,
1014 1772 1073 1823 οὐκ
1096 1771 1201 1824 ἐόντα
1231 1774 1317 1841 πρὶν

297 1839 452 1911 fidutiam,
471 1843 513 1901 ὡς
530 1842 606 1905 ἐμοὶ
623 1841 757 1892 δοκέειν
776 1857 800 1890 κ.
819 1858 841 1892 τ.
861 1839 884 1890 l.
919 1838 965 1891 Ex
981 1839 1024 1893 his
1042 1839 1142 1894 clarum
1161 1846 1211 1906 est,
1229 1841 1318 1896 Hero·

314 1909 406 1963 dotum
419 1909 565 1963 diiudicare
582 1911 653 1964 inter
671 1923 725 1975 eos,
744 1907 790 1975 qui
801 1922 858 1960 rem
870 1906 970 1961 Cadmo
982 1907 1161 2030 antipluiorem
1172 1909 1317 1978 putabant,

314 1981 341 2028 et
358 1976 429 2029 inter
449 1992 503 2043 eos,
522 1976 568 2044 qni
586 1977 620 2031 ab
638 1976 684 2029 illo
720 1974 834 2029 utabant
851 1975 992 2030 inuectam.
1010 1976 1043 2030 Se
1080 1976 1107 2029 iu
1120 1977 1234 2030 eandem
1244 1977 1316 2032 hanc

313 2043 489 2110 posteriorem
507 2044 659 2112 opinionem
704 2043 844 2098 erodotum
862 2043 946 2097 trahit
956 2044 1117 2113 bertherus,
1135 2044 1240 2112 aliquot
1257 2051 1316 2100 ton·

313 2117 369 2164 tum
397 2111 501 2165 litteras
526 2129 543 2166 a
561 2112 660 2166 Cadmo
683 2113 804 2165 invectas
826 2112 898 2166 tradi
921 2119 1020 2178 putans
1038 2121 1151 2182 propter
1168 2113 1315 2168 articulum

313 2178 439 2232 omissum
457 2187 519 2234 ante
536 2182 695 2260 γράμματα.
720 2179 798 2246 Quod
815 2195 833 2232 a
851 2179 1055 2248 diligentissimo
1072 2181 1130 2236 viro
1143 2181 1245 2236 dictum
1257 2183 1314 2238 nol-

312 2246 374 2301 lem.
399 2247 469 2301 Nam
486 2248 608 2317 legitrma
624 2249 678 2303 ista
695 2253 736 2302 est
754 2247 862 2302 omissio
879 2249 908 2301 in
920 2265 952 2303 eo
964 2265 1051 2319 sensu,
1071 2264 1150 2317 quem
1162 2251 1315 2318 sequimur&

312 2313 401 2383 illum,
426 2316 472 2383 qui
493 2317 629 2372 barchero
652 2317 755 2385 placet,
783 2316 896 2370 inferret
928 2315 1033 2372 demum
1057 2318 1174 2373 adiectio
1198 2317 1314 2373 articuli

312 2383 409 2452 Taceo,
435 2392 564 2452 quantum
581 2386 738 2441 turbaretur
755 2385 859 2453 reliqua
876 2387 1005 2456 namatio,
1030 2387 1052 2440 si
1070 2387 1098 2440 in
1116 2402 1149 2440 ea
1167 2387 1201 2440 de
1219 2387 1314 2455 paucis

312 2451 471 2519 quibusdam
493 2453 591 2508 litteris
614 2459 747 2523 ageretur.
783 2453 915 2509 Herodoti
936 2456 1095 2509 sententiam
1118 2454 1216 2509 deinde
1233 2455 1315 2523 pleri-

312 2535 364 2587 que
381 2521 537 2590 probarunt,
555 2538 669 2591 quorum
686 2523 806 2577 rationes
823 2522 851 2575 in
870 2522 974 2577 occulto
992 2530 1062 2591 sunt,
1080 2524 1189 2578 nomina
1207 2529 1237 2578 et
1254 2524 1315 2578 loca

311 2589 446 2645 cumulare
464 2591 533 2644 nihil
551 2592 655 2647 attinet.
673 2593 714 2646 Ac
732 2606 819 2659 paene
838 2606 929 2646 omnes
946 2592 1102 2659 posterioris
1120 2599 1183 2646 sunt
1201 2591 1312 2646 aetatis:

311 2672 345 2709 ex
363 2657 511 2726 deperditis
529 2659 712 2728 superioribus
731 2660 753 2712 si
771 2675 853 2712 unum
871 2658 1033 2713 haberemus
1050 2659 1153 2728 Ephori
1173 2675 1313 2724 excessum

309 2724 467 2780 historicum
484 2726 619 2780 haedere
632 2727 741 2794 proprie
754 2727 891 2794 scriptum,
911 2727 987 2781 cuius
999 2729 1159 2782 auctoritate
1171 2728 1199 2781 in
1212 2727 1312 2782 Cadmo

310 2794 429 2847 ornando
447 2793 533 2846 utitur
550 2794 672 2847 Clemens
690 2794 768 2847 Alex.
781 2794 877 2848 Strom.
894 2794 915 2847 l.
928 2811 954 2862 p.
968 2800 1026 2851 306.
1038 2797 1072 2850 D.
1084 2796 1179 2864 Paris,
1196 2796 1312 2851 fortasse

309 2859 389 2925 plura
406 2863 557 2915 commenta
573 2861 651 2915 nobis
668 2861 816 2915 refellenda
834 2870 930 2917 essent.
968 2864 1093 2918 ceterum
1111 2864 1185 2918 haud
1203 2865 1259 2920 scio
1277 2881 1312 2920 an

308 2932 410 2980 temere
428 2943 488 2981 cum
505 2929 644 2984 Herodoto
662 2930 859 2998 coniungantur
874 2931 894 2984 ii
911 2932 1064 3001 scriptores,
1099 2933 1128 2987 ui
1139 2932 1312 2987 Phoenicium

309 2994 440 3062 originem
458 2997 532 3065 artis,
549 3013 604 3051 non
615 2997 779 3052 invectorem
791 2998 919 3054 Cadmum
931 2996 1061 3054 tradunt·
1074 2949 1142 3069 fluo,
1160 3001 1213 3054 nisi
1224 3002 1311 3070 fallor,

308 3063 440 3128 pertinuit
463 3066 538 3120 locus
557 3064 680 3134 Sophocl.
705 3066 734 3119 in
751 3067 920 3136 Pastoribus,
945 3084 1025 3136 quem
1043 3070 1131 3138 tangit
1147 3069 1267 3138 Hesyoh.
1286 3087 1311 3125 v.

309 3127 455 3198 Φοινικίοις,
475 3134 521 3201 qui
538 3149 601 3187 mox
618 3135 627 3187 i
648 3149 677 3188 se
688 3135 740 3188 hoc
751 3135 848 3189 habet:
866 3137 945 3190 Λυδοὶ
956 3137 1001 3188 καὶ
1011 3134 1103 3198 Ἴωνες
1114 3136 1148 3189 τὰ
1159 3140 1311 3207 γράμματα

309 3199 361 3251 ἀπὸ
382 3198 501 3261 Φοίνικός
517 3220 589 3262 τινος
607 3210 616 3269 (
633 3203 740 3269 deflua).

375 3286 411 3352 1⁷)
428 3287 464 3342 H.
482 3290 522 3341 53.
541 3287 687 3355 Perperam
704 3287 741 3342 ihi
760 3288 873 3343 Wessel.
884 3289 975 3357 uerba,
993 3289 1068 3343 οὗτοί
1078 3292 1131 3345 εἰσι
1142 3293 1170 3346 οἱ
1181 3293 1309 3362 ποιήσον-

307 3369 354 3412 τες
371 3353 512 3424 θεογονίην
525 3351 639 3424 Ἕλλησι,
657 3357 696 3410 sic
714 3358 821 3426 accipit,
838 3363 870 3412 ut
887 3358 927 3411 illi
946 3359 998 3412 duo
1036 3359 1097 3414 rimi
1108 3363 1222 3414 oeraibaa
1233 3379 1309 3429 eapo-

306 3421 386 3499 aaiaae
403 3421 466 3476 theo
503 3423 588 3491 niam,
612 3439 666 3477 non
684 3427 826 3478 condidisse
844 3425 976 3480 dicantur.
1006 3374 1117 3496 ffirobat
1136 3428 1307 3498 Wesselingii

306 3492 436 3542 rationem
490 3491 642 3559 yttenbach.
661 3492 730 3547 Bibl.
750 3493 796 3548 Gr.
815 3509 842 3561 p.
858 3497 882 3547 6.
900 3511 926 3563 p.
947 3496 1038 3565 83sq.]
1058 3496 1128 3551 Sane
1145 3497 1185 3550 ita
1197 3497 1307 3564 ponitur

306 3557 406 3622 ποιεῖν;
425 3556 472 3611 sed
490 3559 596 3613 dativus
614 3559 642 3611 in
658 3560 711 3614 hac
729 3560 923 3628 significatione
935 3562 1012 3618 uerbi
1024 3565 1133 3619 additus
1145 3565 1204 3620 luce
1217 3581 1306 3620 exem·

305 3623 411 3689 plorum
429 3625 643 3694 egebatmuaha
660 3628 726 3683 mihi
743 3628 851 3697 quidem
868 3630 928 3686 inco
967 3631 1005 3686 ‘ta
1022 3641 1092 3687 sunt.
1117 3633 1209 3688 Etiam
1221 3635 1305 3689 Athe·

304 3705 498 3772 nagorasucum
515 3694 597 3774 uulgo
615 3696 696 3749 sentit
713 3695 741 3749 in
758 3697 838 3765 Apol
855 3647 986 3783 mogilina
1004 3705 1112 3771 p.129.,
1131 3703 1240 3759 laudato
1258 3703 1304 3758 illo

304 3756 363 3813 loco
382 3765 410 3837 et
427 3777 455 3814 m
473 3768 633 3817 seutentiam
651 3778 726 3817 suum
743 3779 829 3819 uerso.
