3034 4434
731 568 845 623 -134
874 594 908 603 -

263 735 306 777 an
321 723 353 780 ct
375 719 424 778 ille
450 716 575 808 omnium
599 715 685 788 longe
704 715 882 806 clarissimus
895 714 1097 805 Aristarchus.
1132 714 1329 806 SedAristo·

267 889 308 930 ars
320 796 427 932 {ffi-
446 793 1326 942 ffierciiieliiiisssgffiigghilioliglnigrfflzigliiffitliirmquva·

320 949 457 1022 draginta
476 947 556 1020 locis,
586 946 739 1018 inquibus
761 946 945 1004 auctoribus
966 946 1138 1017 celebratur,
1164 947 1213 1004 vix
1236 947 1326 1007 semel

322 1032 374 1086 aut
394 1026 500 1083 iterum
520 1025 628 1082 mentio
647 1023 680 1082 fit
698 1024 801 1083 horum
816 1023 981 1082 carminum
1002 1023 1038 1082 ab
1052 1025 1102 1084 illo
1115 1025 1330 1083 recensitorum

320 1103 367 1162 vel
385 1101 648 1174 illustratorumssssp.
922 1117 925 1122 ¹

398 1179 515 1238 Etenim
534 1179 594 1250 ille,
615 1184 647 1236 ut
666 1192 791 1235 summas
812 1192 860 1234 res
876 1177 1036 1248 generatim
1049 1192 1221 1250 persequar,
1242 1195 1328 1250 prae-

321 1261 368 1315 ter
388 1256 520 1314 delectus
541 1261 571 1314 et
591 1270 727 1313 censuras
748 1253 921 1327 scriptorum
935 1254 1072 1325 cuiusque
1086 1254 1188 1312 classis
1203 1256 1327 1327 optimo-

320 1350 394 1406 rum,
415 1349 487 1405 quas
508 1333 544 1391 ab
564 1331 758 1404 Aristophane
778 1330 931 1388 utilissime
952 1331 1099 1388 institutas
1120 1330 1249 1390 absolvit
1260 1331 1330 1389 Ari·

323 1409 510 1482 starchusffl),
534 1410 644 1468 maiore
665 1407 818 1479 diligentia
837 1408 946 1480 primus
961 1408 1116 1479 inquisivit,
1139 1408 1209 1480 quid
1225 1411 1328 1481 genui-

319 1503 388 1546 num
409 1492 460 1546 aut
480 1487 608 1560 spurium
622 1489 701 1543 esset
713 1485 743 1541 in
757 1485 947 1542 monumentis
961 1485 1089 1557 priorum
1102 1485 1328 1558 temporumfflg

267 1588 308 1630 ara
320 1565 429 1639 primus
440 1564 517 1623 idem
528 1563 742 1622 Grammaticen
751 1561 869 1633 linguae
875 1561 1015 1634 Graecae,
1025 1561 1148 1620 maxime
1159 1563 1326 1635 analogiam

324 1648 355 1701 et
373 1642 501 1714 reliquas
521 1645 631 1715 partes,
652 1653 727 1711 quae
747 1637 882 1696 discretis
902 1655 977 1696 nuno
991 1635 1218 1711 professionibus
1233 1656 1252 1698 a
1265 1640 1330 1713 phi·

320 1719 449 1793 losophis
469 1723 638 1788 tractantur,
660 1716 773 1775 acutius
792 1715 914 1774 rimatus
935 1714 1031 1787 esth),
1052 1715 1190 1786 varieque
1210 1733 1325 1776 omnem

321 1795 397 1855 hanc
418 1802 510 1855 artem
531 1793 675 1867 instruxit,
695 1792 813 1850 inventa
834 1793 922 1851 etiam
941 1793 1089 1851 notatione
1109 1800 1282 1851 accentuum
1297 1799 1331 1852 et

322 2023 457 2094 pellerent
474 2022 572 2078 Scholl.
597 2022 662 2082 τοὺς
679 2023 731 2075 ἀπὸ
749 2020 917 2092 Ζηνοδότου,
941 2023 1011 2076 sicut
1033 2023 1096 2082 τοὺς
1120 2023 1166 2075 ἀπ’
1188 2023 1328 2094 Ἆριστάρ·

320 2111 383 2165 χου,
405 2093 591 2154 Aristarcheoa
610 2105 630 2144 s.
649 2096 681 2145 ut
698 2089 786 2145 Varro
804 2092 895 2160 vertit,
912 2093 945 2144 ab
963 2092 1110 2143 Arretaroho
1130 2091 1326 2155 Grammaticos,

322 2160 386 2220 τοὺς
402 2159 455 2212 ἀπὸ
474 2155 617 2229 Κράτητος
634 2168 687 2213 etc.
715 2160 788 2213 Ante
806 2160 1014 2239 Aristophanem
1032 2165 1123 2212 tamen
1140 2159 1194 2214 hoc
1211 2161 1328 2215 docendi

321 2228 475 2283 institutum
492 2227 579 2282 rideri
595 2233 685 2295 potest
696 2227 828 2296 placuisse
838 2227 1009 2294 Callimacho,
1026 2228 1127 2296 quemi
1147 2243 1206 2282 sum
1218 2245 1329 2297 quoque

322 2297 369 2351 ille
392 2296 503 2351 audIvit
546 2296 652 2364 Quippe
677 2297 845 2349 Callimacho·
869 2298 1040 2351 nominantur
1063 2311 1117 2363 apu
1153 2297 1329 2352 Athenaeum

321 2365 488 2434 Hermippus
506 2371 534 2420 et
552 2365 646 2433 Istrus,
670 2365 741 2421 idem
759 2366 854 2434 Istrus,
877 2371 909 2418 ut
926 2365 1029 2432 opinor,
1055 2364 1131 2418 cuius
1149 2363 1203 2419 duo
1221 2380 1330 2420 errores

322 2433 477 2489 refutantur
494 2435 523 2488 in
541 2439 645 2502 septem
662 2433 727 2488 locis
745 2432 843 2488 Scholl.
862 2432 897 2487 ad
914 2433 1015 2498 β.110.
1033 2433 1061 2484 a.
1073 2436 1131 2487 491.
1151 2451 1174 2484 κ.
1187 2437 1248 2488 298.
1266 2438 1326 2489 439.

324 2523 346 2584 νς
356 2507 415 2559 629,
434 2523 457 2558 ο.
468 2508 529 2559 230.
541 2521 565 2583 f.
576 2507 633 2583 34..
647 2500 905 2582 Ipsius'Gallimachi
916 2505 951 2556 30
961 2500 1028 2580 locis
1039 2500 1141 2554 laudati
1153 2501 1221 2555 nihil
1234 2517 1330 2582 occur·

321 2569 1330 2718 hittitfftiltttitittltitttlhthtthtifhaleth

324 2709 348 2762 δ.
364 2713 386 2763 1.
399 2724 442 2776 ap.
455 2724 537 2763 unum
549 2707 685 2775 Eustath,
698 2723 742 2761 our
753 2707 787 2760 ci.
799 2707 918 2774 Apollon
938 2705 1005 2760 Lern
1017 2722 1042 2758 r.
1055 2707 1225 2775 κητώεσσαν.

392 2793 428 2860 ⁸⁸)
446 2790 515 2846 Vide
539 2791 640 2845 Meurs.
658 2792 727 2845 Bibl.
746 2790 793 2845 Gr.
811 2807 838 2859 p.
858 2795 933 2846 1254.
951 2791 982 2845 Τ.
1000 2791 1033 2844 X.
1054 2790 1135 2843 Thes.
1153 2790 1237 2845 (Iron.
1273 2791 1329 2846 Sed

323 2859 438 2914 Meursii
455 2865 483 2912 et
501 2864 651 2914 ceterorum
668 2859 828 2914 industriam
851 2859 926 2913 brevi
944 2859 1083 2926 superabit
1101 2857 1195 2912 doctus
1212 2858 1328 2927 iuvenis,

324 2926 489 2996 Bredovins,
516 2927 544 2981 in
562 2927 708 2982 Comment.
727 2926 761 2981 de
783 2928 841 2982 rita
862 2933 890 2982 et
906 2927 1014 2995 scriptis
1030 2925 1111 2981 huius
1128 2927 1326 2994 Aristophanis.

367 3080 373 3093 ·
392 3011 489 3093 ξ9)1)α
506 3013 813 3095 interpretornQuinctil
825 3014 859 3082 X,
874 3019 896 3082 l,
909 3018 949 3069 54.
962 3018 1003 3068 59.
1031 3012 1130 3092 Detre,
1147 3027 1229 3092 quam
1247 3011 1329 3092 modo

323 3085 410 3204 gtrtffi
420 3085 725 3205 nGgogxapcuratrssrme
744 3082 927 3152 disputantem
938 3081 1129 3135 Ruhnhemnm
1140 3080 1202 3134 vide
1215 3097 1244 3134 m
1255 3081 1328 3135 flrst.

395 3234 430 3298 ⁹0)
448 3232 517 3287 Vide
536 3233 660 3300 Quiuctil.
680 3237 703 3306 1,
723 3240 747 3300 1,
768 3240 807 3291 15.
827 3241 854 3290 et
870 3241 924 3289 vet.
943 3234 1069 3289 Scholion
1085 3232 1231 3288 HcsIodico
1244 3233 1328 3290 Scuto

325 3301 360 3358 ah
379 3301 449 3356 Aldo
468 3308 496 3355 et
514 3303 606 3372 Steph.
625 3305 784 3373 subiectum,
801 3304 830 3358 in
848 3321 901 3372 quo
913 3303 1077 3372 Fragments
1090 3303 1255 3357 auctoritate
1266 3302 1328 3357 Ari·

323 3370 463 3439 stephanis
482 3369 627 3441 dubitatur,
646 3389 680 3426 an
693 3371 806 3428 Hesiodi
823 3371 851 3426 id
863 3372 977 3435 Carmen
994 3370 1084 3425 fuerit.
1120 3369 1197 3436 Quae
1209 3369 1327 3440 suspicio

322 3438 396 3492 haud
414 3439 493 3494 dubie
512 3439 547 3494 ad
565 3447 637 3496 totos
648 3438 972 3511 Karaloroncpertinuit.
999 3440 1040 3493 Dc
1052 3438 1181 3493 extremis
1190 3438 1232 3493 Od
1251 3453 1327 3493 sseae

324 3505 359 3563 ab
378 3509 472 3563 eodem
485 3509 584 3564 Oritioo
603 3509 631 3563 in
650 3509 761 3564 dubium
778 3509 911 3564 revocatis
930 3507 986 3563 dixi
1004 3523 1086 3577 supra
1098 3522 1156 3575 cap.
1269 3550 1275 3561 .

391 3596 428 3660 ⁹¹)
446 3595 569 3650 Studiose
587 3595 692 3663 legerat
709 3594 755 3648 illa
773 3594 868 3662 Varro,
886 3595 920 3650 de
937 3595 969 3650 L.
987 3593 1011 3648 L
1038 3591 1164 3649 scribens.
1191 3591 1262 3647 Vide
1279 3589 1326 3646 IV.

324 3661 387 3717 odit.
411 3663 519 3731 Bipcnt.
538 3679 565 3731 p.
583 3667 625 3718 51.
643 3662 718 3716 VIII.
737 3678 764 3730 p.
784 3667 840 3718 129.
858 3663 904 3718 lx
924 3679 950 3732 p.
971 3663 1028 3717 177.
1063 3660 1183 3728 Quorum
1206 3661 1325 3716 locorum

323 3731 410 3785 altero
429 3730 602 3786 conmoratus
618 3730 664 3797 id,
687 3730 760 3798 quod
777 3730 868 3799 paullo
884 3738 947 3787 ante
965 3747 978 3784 s
1030 3729 1116 3783 icatur
1134 3745 1193 3784 sum
1212 3729 1246 3784 da
1265 3743 1326 3784 ron·

323 3799 467 3855 suetudine
490 3799 620 3854 sermonis
637 3799 746 3853 raritati
763 3799 904 3868 analogiae
921 3799 1002 3867 pesth
1038 3797 1077 3851 ita
1093 3813 1111 3852 a
1129 3796 1325 3855 Grammaticis.
