3034 4434
681 541 862 594 ...80-

269 688 395 747 hlemata
414 687 443 744 in
459 686 589 759 Odyssea
608 687 707 746 videre
727 687 798 746 mihi
817 687 917 746 videor
936 687 1030 760 plura,
1051 692 1081 745 et
1095 702 1186 744 uuum
1199 686 1273 746 adeo

268 763 466 830 manifestum,
493 769 526 820 ut
546 780 581 821 ex
599 764 648 835 iis,
675 780 796 835 quorum
817 763 925 823 iudicio
946 764 1000 822 hoc
1019 763 1170 835 specimen
1190 780 1272 836 spec·

268 841 386 900 tandum
407 839 536 910 sublicio,
557 838 737 900 adversarios
757 842 828 900 mihi
848 857 1011 914 perpaucos
1031 838 1095 899 lore
1116 856 1244 913 sperem.

345 917 447 990 Odyss.
468 914 494 973 δ.
517 924 581 976 620.
606 917 656 975 ubi
680 919 783 984 eitius,
811 935 897 990 quam
917 918 988 976 velis
1010 923 1040 975 et
1061 922 1231 990 exspectes,
1258 934 1276 977 a

269 994 346 1052 dulci
366 994 506 1065 colloquio
526 993 654 1052 Menelai
674 995 878 1067 abstrahimur,
899 994 1024 1053 redituri
1045 993 1082 1051 ad
1103 994 1178 1052 illud
1198 993 1272 1053 libro

266 1071 340 1144 XV,
350 1073 400 1143 qui
413 1071 577 1129 Telemachi
590 1071 716 1129 reditum
730 1071 879 1144 describit,
895 1078 1020 1144 quatuor
1034 1076 1198 1142 sequuntur
1211 1088 1274 1129 ver-

267 1166 316 1207 sus
335 1150 400 1222 ipsa
420 1148 558 1208 orationis
577 1149 731 1208 insolentia
751 1155 782 1207 et
801 1149 992 1222 ambiguitate
1012 1147 1170 1220 durissimi,
1190 1148 1274 1207 nihil·

267 1241 322 1297 que
348 1226 495 1285 Homerici
521 1226 624 1285 coloris
655 1225 804 1284 habentes.
853 1225 940 1285 cuim
968 1226 1071 1298 culpae
1098 1225 1218 1296 quidem
1244 1226 1272 1283 in

266 1303 342 1361 omni
367 1304 479 1376 reliqua
502 1310 586 1376 parte
606 1303 655 1360 IV.
675 1304 742 1361 libri
767 1304 985 1376 ahquammulta
1018 1302 1144 1374 vestigia
1163 1303 1271 1374 notavi,

268 1379 371 1451 quibus
390 1397 448 1439 non
467 1379 592 1439 absurde
612 1380 721 1439 leviore
740 1381 795 1439 hoc
814 1380 945 1453 periculo
965 1379 1165 1452 praeludatur.
1197 1379 1272 1438 Nam

268 1456 304 1514 de
324 1458 401 1517 illius
419 1459 476 1519 loci
496 1457 694 1530 ambiguitate,
716 1458 802 1531 culpa
814 1457 932 1516 minime
946 1457 1112 1528 Homerica,
1132 1472 1270 1529 praeser-

265 1535 317 1593 tim
336 1537 366 1593 in
385 1536 472 1595 rebus
485 1535 652 1606 tritissimis,
672 1551 756 1593 nemo
768 1535 871 1594 doctus
882 1533 1036 1601 dubitabit,
1049 1539 1079 1591 et
1089 1534 1148 1591 iam
1159 1533 1228 1592 olim
1242 1534 1271 1590 in

266 1627 301 1671 ea
313 1612 461 1673 laborasse
476 1619 506 1672 et
520 1612 692 1670 dissensisse
705 1613 833 1685 putarim
846 1613 1032 1685 interpretes,
1047 1627 1170 1682 quorum
1181 1611 1271 1684 copiis

214 1705 253 1745 raa
266 1690 295 1746 in
317 1689 447 1764 Odyssea
472 1706 547 1748 nunc
572 1690 741 1762 saepissime
762 1705 904 1748 caremus.
944 1687 1118 1746 Eustathins
1144 1687 1270 1759 quidem,

265 1767 349 1825 nimis
370 1768 526 1827 contractis
547 1766 577 1824 in
598 1783 634 1824 ea
654 1766 776 1825 Scholiis
797 1783 866 1824 usus
888 1761 1061 1841 δαιτυμόνας
1079 1781 1146 1836 non,
1167 1764 1271 1824 utHo

267 1845 339 1901 meri
361 1851 390 1902 et
410 1845 534 1904 omnium
554 1845 726 1916 scriptorum
746 1842 926 1902 consuetudo
947 1842 1050 1915 poscit,
1071 1845 1199 1897 convivae
1219 1841 1272 1899 sed

263 1923 462 1991 convivatores,
483 1916 550 1982 τοὺς
571 1917 620 1998 τὴν
641 1918 725 1976 δαῖτα
745 1915 805 1976 §roc
837 1918 1008 1990 ’ξονι-ππ),
1037 1919 1269 1991 interpretatum

264 1995 366 2067 (idque
386 1995 449 2054 fieri
468 2012 588 2054 necesse
608 2003 661 2068 est,
682 1998 715 2069 si,
737 2013 792 2068 quo
834 2002 936 2055 auctor
950 1995 1052 2069 procul
1066 1994 1155 2053 dubio
1169 1995 1270 2066 voluit,

181 2092 187 2103 ¹
262 2073 423 2143 proximum
449 2071 476 2127 ol
498 2073 625 2145 pertinet
650 2072 688 2130 ad
714 2071 888 2150 δαιτυμόνας
896 2077 915 2145 ;)
952 2079 1014 2131 tum
1038 2068 1093 2127 ἀλό
1116 2091 1181 2144 ους,
1211 2088 1269 2131 non

262 2148 356 2206 minus
377 2149 466 2208 invito
486 2166 542 2206 usu
561 2149 705 2223 loquendi,
736 2153 863 2222 ancillae,
885 2154 988 2222 utpote
1008 2091 1183 2207 concubinas
1203 2165 1270 2221 pro-

263 2241 373 2283 corum:
402 2241 570 2298 omuemque
596 2226 689 2285 locum
714 2228 777 2286 sine
802 2228 862 2286 ulla
888 2227 1082 2285 haesitatione
1109 2224 1148 2283 ad
1173 2226 1269 2283 aulam

261 2301 375 2373 Ulyssis
400 2301 504 2375 refert,
532 2319 588 2362 non
614 2303 751 2362 Menelai.
797 2304 935 2375 Plerique
965 2308 1065 2362 contra
1089 2303 1269 2361 recentiores

261 2379 357 2453 Intpp.
385 2398 441 2440 non
468 2382 509 2439 ita
536 2377 621 2438 facile
648 2397 679 2439 se
707 2398 725 2438 a
749 2380 887 2440 Menelao
909 2380 1015 2440 abduci
1033 2379 1194 2452 patiuntur.
1234 2379 1269 2436 In

262 2458 366 2528 quibus
379 2459 536 2518 Barnesius
550 2459 683 2530 humane,
704 2464 737 2516 ut
750 2458 802 2529 ait,
816 2459 932 2530 lapsum
945 2456 1090 2518 condonat
1102 2455 1269 2526 Eustathio,

261 2550 347 2605 quem
368 2537 500 2608 equidem
520 2536 550 2593 in
569 2533 623 2594 sua
642 2551 732 2608 opera
752 2535 929 2608 compilandi
949 2552 985 2593 ne
1005 2534 1064 2592 labi
1085 2533 1203 2605 quidem
1215 2533 1269 2590 tali

262 2612 347 2672 modo
367 2615 497 2686 potuisse
518 2613 620 2684 cred03
641 2613 704 2686 ipse
724 2629 793 2671 vero
813 2608 943 2746 ἀλόέους
963 2631 1059 2667 osores
1078 2611 1177 2668 nescio
1197 2625 1284 2682 quas,

256 2691 380 2757 filioram
400 2694 520 2746 Menelai
533 2700 556 2745 et
569 2694 717 2745 amicorum
730 2689 846 2762 accipit,
890 2706 905 2747 e
920 2689 1013 2747 altero
1026 2686 1166 2746 vocabulo
1180 2691 1268 2745 tacet.

262 2764 399 2838 Daceria,
420 2767 449 2822 in
469 2773 592 2838 utroque
610 2765 796 2825 Eustath'ium
816 2782 952 2837 sequens,
973 2770 1069 2822 tamen
1090 2769 1120 2821 et
1139 2764 1205 2836 ipsa
1218 2762 1269 2822 ad·

261 2840 320 2897 hue
340 2841 463 2914 Spartae
483 2849 621 2901 moratur.
659 2842 704 2900 Ae
727 2841 826 2902 forsan
851 2842 904 2902 hos
932 2848 962 2900 et
982 2842 1054 2900 ahos
1074 2840 1175 2913 plures
1195 2839 1268 2897 illud

262 2917 362 2986 movit,
383 2934 476 2991 neque
500 2920 561 2978 sine
582 2937 678 2992 causa,
707 2919 786 2991 quod
815 2917 899 2981 θεῖος
917 2914 1056 2994 βασιλεὺς
1075 2918 1105 2975 in
1124 2917 1180 2976 hoc
1200 2934 1267 2976 con-

258 2999 341 3051 textu
365 2994 407 3052 ita
433 2995 540 3055 dictum
567 2997 689 3068 videtur,
721 3002 753 3054 ut
779 2995 886 3068 aliquis
913 2995 950 3054 ab
969 2995 1075 3068 Ulysse
1095 2994 1264 3054 nominatim

258 3070 409 3143 appellato
430 3071 635 3145 distinguatur.
658 3072 716 3131 Sed
740 3090 842 3130 rursus
860 3071 940 3150 μῆλα
960 3069 1039 3149 ἄγειν
1052 3072 1082 3128 in
1095 3072 1266 3130 memoriam

258 3152 375 3204 revocat
394 3165 506 3220 procos,
527 3147 590 3222 olel,
608 3148 672 3227 μῆλ’
693 3147 777 3206 ἀδινὰ
796 3146 970 3226 caddonac,
992 3150 1140 3220 servisque
1159 3149 1207 3207 vel
1225 3146 1239 3206 f
1257 3182 1267 3192 ·

257 3224 358 3295 mulis,
385 3240 502 3283 coenam
530 3227 752 3299 apparantibuS,
782 3227 839 3299 ipsi
861 3227 1027 3303 μνηστῆρες
1051 3243 1077 3283 v.
1100 3233 1164 3284 625.
1191 3225 1267 3284 bene

257 3300 347 3357 iuneti
371 3300 463 3359 videri
490 3309 619 3375 possunt.
658 3302 699 3361 At
723 3302 863 3375 quidquid
890 3303 992 3361 horum
1019 3318 1119 3360 verum
1140 3309 1199 3374 est,
1233 3309 1264 3360 et

206 3394 244 3434 rra
257 3376 357 3434 ubiubi
376 3376 409 3434 fit
427 3379 560 3438 transitio
580 3379 618 3437 ad
637 3396 685 3438 res
705 3364 874 3452 Ithahesias
895 3379 1034 3452 perplexe
1054 3379 1106 3436 illa
1123 3377 1157 3437 fit
1177 3385 1209 3437 et
1224 3381 1266 3436 iu-

259 3453 432 3527 gratissime,
458 3470 551 3527 neque
575 3457 623 3514 hie
652 3457 810 3515 Homerum
842 3461 995 3515 canentem
1026 3456 1167 3524 moinus.
1207 3457 1266 3514 Ita-

348 3634 384 3700 98)
402 3631 440 3685 Et
457 3631 677 3687 honorationem
695 3631 776 3700 vulgo
794 3631 859 3687 olim
877 3632 1005 3686 traditam
1023 3639 1097 3701 puta.
1132 3633 1176 3686 lta
1192 3632 1266 3687 brev.

257 3700 583 3839 ἓοῖξὲξὸινῐέσῗάέἒςῗς,
603 3700 718 3770 Hesyeh.
735 3700 762 3754 h.
781 3700 816 3768 gl.
838 3707 972 3771 exmema,
989 3703 1126 3772 μάγειροι,
1144 3701 1267 3756 similiter
