3034 4434
686 547 912 618 ¹-ao-

331 703 445 770 cogant,
464 701 507 768 ut,
527 696 641 754 etiamsi
659 695 776 753 litterae
796 699 864 753 ante
882 695 1039 755 Homerum
1058 695 1088 752 in
1103 694 1258 755 Graeciam
1278 698 1329 755 im·

331 779 465 848 portatae
486 778 584 831 essent
602 788 711 842 omneS,
730 777 827 830 tamen
846 771 1015 832 facultatem
1029 777 1058 829 et
1071 789 1155 830 usum
1170 789 1271 831 earum
1284 791 1330 832 us-

332 867 387 923 que
413 850 451 907 ad
480 850 563 907 initia
590 848 790 922 Olympiadum
818 846 881 907 fere
911 849 1021 907 nullum
1050 846 1140 906 fuisse
1166 851 1330 909 credamus.

331 928 424 985 Huius
451 928 494 985 rei
515 942 603 985 cauea
627 926 709 985 nobis
728 925 906 984 haerendum
930 940 986 984 uon
1007 926 1063 984 erit
1081 926 1110 982 in
1130 927 1252 985 occultis
1274 929 1331 1000 pri·

330 1003 449 1063 mordiis
462 1003 626 1062 inconditae
639 1004 720 1074 artis,
747 1003 947 1074 quaelongam
961 1002 1184 1074 disputationem
1198 1006 1331 1076 poscunt,

332 1099 350 1139 a
368 1081 553 1148 Phoenicum,
571 1079 791 1152 Aegyptiorum,
810 1080 1018 1149 Hebraeorum,
1039 1079 1211 1138 Latinorum
1225 1081 1331 1139 litteris

330 1174 388 1216 non
408 1156 623 1228 seiungendam.
663 1155 722 1214 Sed
743 1172 779 1213 ex
797 1155 877 1214 hisce
897 1157 1013 1229 populis
1034 1171 1110 1223 eum,
1130 1171 1215 1227 quem
1236 1159 1331 1230 primo

332 1235 396 1293 loco
417 1235 574 1301 nominavi,
598 1249 659 1290 rem
684 1233 729 1290 vel
755 1232 833 1304 apud
858 1248 889 1290 se
909 1234 1054 1290 inventam
1074 1231 1198 1305 vidisse,
1224 1235 1332 1292 velita
1355 1246 1359 1251 ⁴

334 1310 493 1384 excoluisse
519 1316 549 1366 31
575 1309 613 1366 ad
633 1311 704 1369 alios
723 1309 855 1381 populos
875 1309 1043 1368 nominatim
1065 1308 1206 1382 Graecos,
1234 1317 1332 1383 pertu-

332 1389 416 1453 lisse,
441 1393 474 1443 ut
497 1391 598 1444 auctor
624 1387 686 1443 eius
714 1386 771 1443 dici
792 1392 822 1443 31
841 1385 942 1447 haberi
961 1391 1075 1458 posset,
1100 1392 1160 1444 tum
1179 1386 1332 1446 admodum

333 1470 468 1522 constans
488 1461 574 1534 fama,
594 1468 656 1520 tum
675 1463 740 1536 ipsa
758 1460 854 1534 figura
867 1462 1030 1520 htterarum
1045 1461 1222 1521 Graecarum
1235 1465 1331 1523 uincit.

333 1542 396 1612 Quo
422 1546 552 1612 tempore
577 1545 673 1597 autem
700 1539 750 1596 1113
778 1540 836 1596 tria
854 1536 933 1597 facta
952 1540 1023 1611 siut,
1048 1540 1272 1599 incertissimum
1291 1546 1332 1599 331

333 1622 454 1689 propter
472 1623 532 1674 tam
551 1617 643 1673 multa
661 1615 787 1674 ludibria
806 1613 976 1674 fabularum.
1015 1615 1191 1674 Teneremus
1212 1617 1332 1689 aliquid,

333 1693 389 1750 nisi
409 1694 516 1751 vetusti
537 1693 579 1750 illi
600 1692 756 1765 scriptores
776 1692 950 1751 Phoenicum
971 1692 1009 1750 ad
1028 1691 1161 1752 Phemios
1183 1701 1213 1752 et
1226 1694 1332 1753 Prona-

322 1770 418 1842 ¹pidas
438 1764 593 1841 ablegandi
607 1775 713 1840 essent,
734 1773 785 1826 aut
798 1770 823 1826 si
836 1769 895 1827 ullo
909 1774 1028 1827 auctore
1042 1775 1197 1842 constaret,
1218 1770 1331 1842 quaudo

331 1848 404 1904 haec
425 1862 496 1918 gens
518 1852 547 1903 et
567 1846 614 1902 cui
633 1862 729 1903 rerum
744 1846 844 1917 generi
858 1846 1029 1917 scripturam
1042 1845 1182 1907 adhibere
1194 1849 1330 1919 coeperit.

333 1924 441 1980 Verum
460 1922 624 1980 huiusmodi
643 1923 752 1980 nullum
772 1938 893 1993 usquam
914 1927 1009 1980 exstat
1021 1923 1185 1994 vestigium,
1206 1939 1291 1981 acne
1305 1925 1332 1980 in

335 1998 512 2057 commerciis
538 1997 653 2069 quidem
681 2005 711 2057 et
734 2003 899 2057 mercatura
924 1997 1072 2056 adhibitae
1098 2014 1116 2056 3
1141 1998 1332 2058 Phoenicibus

335 2075 407 2132 artis
431 2090 501 2132 suae
527 2076 636 2134 mentio
661 2073 701 2134 fit.
740 2075 805 2134 Hoc
831 2075 880 2146 qui
904 2090 1015 2133 mecum
1041 2075 1180 2145 miratus,
1205 2081 1251 2135 tot
1277 2077 1332 2134 alia

333 2151 440 2209 indicia
459 2150 595 2209 tardioris
615 2153 745 2210 culturae
763 2151 927 2209 litterarum
946 2151 1117 2224 perpendat,
1137 2150 1261 2211 forsitan
1274 2159 1332 2211 sta·

334 2230 385 2285 tim
405 2228 435 2284 iu
454 2228 528 2286 hanc
553 2227 693 2286 concedet
713 2228 896 2297 senteutiam,
921 2234 963 2296 ut,
990 2227 1130 2300 quidquid
1150 2244 1168 2286 3
1188 2230 1331 2288 nonnullis

334 2305 371 2362 de
390 2310 536 2362 vetustate
555 2302 731 2376 frequentati
750 2321 820 2362 usus
835 2310 1088 2374 earurnnarratur,
1107 2311 1246 2377 tanquam
1260 2322 1332 2375 com·

333 2387 459 2439 mentum
480 2381 656 2443 Graecorum
677 2380 791 2439 Graeca
809 2378 866 2438 fide
887 2381 1060 2439 censendum
1081 2396 1145 2439 esse
1165 2376 1330 2449 arbitretur.

294 2479 318 2517 er
408 2458 545 2532 Improba
564 2474 679 2531 semper
691 2457 759 2516 huic
772 2459 852 2531 genti
866 2458 971 2530 cupido
984 2455 1047 2528 fuit,
1068 2458 1230 2517 clarissima
1246 2475 1332 2531 quae·

334 2552 389 2607 que
403 2536 536 2594 instituta
556 2551 592 2592 ex
611 2535 718 2593 ultimis
733 2534 910 2606 temporibus
924 2533 1085 2606 repetendi,
1107 2541 1137 2593 et
1149 2540 1264 2593 tantum
1277 2552 1332 2595 non

332 2613 456 2671 omnium
470 2628 577 2684 rerum,
598 2611 701 2682 quibus
715 2612 807 2669 serior
820 2611 982 2669 humanitas
997 2610 1157 2682 constabat,
1176 2612 1330 2671 utilitatem

332 2690 489 2747 inventioni
507 2688 628 2745 heroum
649 2703 765 2744 suorum
786 2687 982 2744 consecrandi.
1006 2687 1041 2745 Id
1055 2693 1115 2745 tum
1127 2689 1250 2747 aliarum
1264 2690 1331 2747 mul·

333 2772 428 2821 tarum
454 2770 516 2821 tum
539 2764 625 2820 huius
650 2777 764 2833 quoque
789 2763 860 2820 artis
886 2764 993 2835 primos
1013 2764 1138 2822 cultores
1158 2764 1329 2824 obscuravit.

333 2841 408 2897 Nam
437 2841 511 2896 sicut
536 2838 662 2909 Atlanti,
697 2837 812 2910 Cepheo
844 2844 873 2896 et
898 2840 996 2899 multis
1022 2840 1137 2898 illorum
1162 2841 1330 2913 aequalibus

335 2915 468 2973 notitiam
488 2914 615 2972 siderum
634 2914 808 2986 tribuerunt,
829 2916 977 2987 antiquam
996 2914 1102 2974 famam
1123 2917 1329 2990 detorquendo,

333 2992 375 3049 sic
394 2997 499 3064 poetae
518 2991 653 3049 videntur
672 2991 811 3064 pluribus,
831 3008 903 3064 quos
923 2992 960 3050 ab
980 2993 1102 3050 scientia
1113 2994 1329 3054 utilissimarum

332 3085 428 3126 rerum
449 3068 563 3126 laudari
583 3068 747 3140 audissent,
772 3075 823 3127 aut
847 3085 968 3141 quorum
993 3070 1098 3128 merita
1123 3070 1153 3126 iu
1177 3070 1328 3130 humanum

333 3161 423 3216 genus
445 3145 583 3204 extollere
603 3146 719 3217 vellent,
740 3146 909 3218 praeclarae
928 3145 1012 3204 huius
1034 3147 1104 3204 artis
1125 3162 1177 3204 seu
1197 3148 1328 3207 inventae

332 3237 384 3278 seu
405 3223 557 3294 insigniter
572 3221 742 3280 emendatae
761 3223 968 3294 percultaeque
980 3222 1097 3280 laudern
1109 3222 1259 3282 tribuisse.
1278 3226 1327 3293 Ita,

333 3313 419 3368 quum
439 3299 503 3356 illos
517 3314 686 3370 progressus
699 3314 756 3356 non
771 3297 991 3371 distinguerent,
1011 3297 1171 3372 Aeschylus
1185 3316 1250 3358 rem
1263 3301 1326 3359 Pro-

331 3375 446 3432 metheo
471 3392 532 3446 suo,
558 3375 608 3432 alii
629 3374 758 3447 Cecropi,
784 3376 834 3433 alii
860 3374 985 3446 Orpheo,
1011 3375 1061 3432 alii
1085 3376 1169 3447 Lino,
1196 3377 1326 3449 plerique

335 3450 456 3524 Cadmo,
482 3451 610 3510 nonnulli
635 3451 785 3508 Palamedi
815 3451 1089 3529 assignaveruntffl).
1133 3452 1216 3511 Haec
1248 3454 1326 3512 dissi·

400 3631 436 3696 l³)
454 3628 659 3697 Sic'Euripidee
675 3628 704 3681 in
721 3628 805 3682 nobili
822 3629 931 3695 Fragm.
949 3628 1101 3683 Palamedis
1118 3644 1163 3696 ap.
1183 3629 1324 3685 stobaeum
1370 3642 1372 3649 ·

330 3698 431 3753 Florile
451 3737 458 3750 .
475 3698 506 3751 T.
524 3697 647 3750 LXXXI.
682 3696 753 3749 Nam
776 3697 810 3750 de
834 3711 913 3751 sensu
930 3697 1025 3751 horum
1042 3711 1182 3766 versuum,
1212 3699 1279 3753 item
1295 3695 1324 3751 de
1370 3690 1372 3711 '

330 3765 438 3834 Aeschy
450 3767 456 3777 '
467 3765 618 3826 locoProm.
624 3768 692 3832 459,
702 3763 910 3820 dissentiendum
917 3764 1010 3832 putavi
1017 3764 1052 3818 ah
1061 3764 1186 3837 opinione
1191 3765 1324 3821 Hemster
