3034 4434
721 540 900 594 ..40-

752 720 878 798 XVII.

389 859 446 920 Sed
466 859 538 918 haec
557 859 624 931 ipse
646 859 770 931 vestigia
789 858 929 918 historiae
950 862 1084 930 arguunt,
1105 857 1185 915 inter
1197 856 1249 915 illa
1260 873 1311 931 pn·

310 938 379 998 blici
389 953 458 995 usns
469 935 553 994 initia
564 941 595 994 et
605 934 756 1007 vulgarem
767 933 1314 995 consuetudinemscribendilibrornm-

312 1030 368 1088 qne
387 1010 625 1073 conficiendorum
654 1027 752 1070 curam
772 1012 863 1071 multo
881 1012 996 1084 longius
1036 1026 1123 1084 qnam
1141 1027 1219 1070 nnnc
1239 1011 1315 1084 quis·

311 1107 397 1164 qnam
418 1089 572 1162 existimet,
591 1089 774 1148 intervallum
794 1089 977 1148 interiectum
995 1056 1095 1146 fuisse.
1124 1086 1315 1161 Hicprimnnn

310 1167 426 1227 maximi
445 1165 581 1225 momenti
602 1170 655 1238 est,
676 1165 753 1237 quod
773 1167 881 1224 nudum
894 1181 1017 1238 usquam
1029 1166 1194 1223 litterarum
1208 1180 1247 1223 ex
1259 1163 1314 1223 isto

312 1259 419 1317 genere
443 1247 657 1303 monumentum
683 1248 923 1308 commemoratur
941 1241 1086 1316 Lycurgei
1111 1246 1163 1299 aut
1183 1241 1313 1314 proxime

312 1320 490 1393 insequentis
510 1320 584 1391 aevi,
609 1335 666 1378 non
687 1319 819 1393 epistola,
845 1335 901 1379 non
920 1325 1033 1392 poema,
1059 1335 1117 1377 non
1135 1317 1212 1376 liber
1230 1317 1315 1389 ullus,

312 1399 394 1457 cuins
409 1397 569 1471 exemplum
583 1397 629 1455 vel
643 1401 723 1455 certe
737 1396 843 1455 notitia
856 1396 980 1469 exempli
991 1396 1029 1454 ad
1042 1395 1221 1468 posteriores
1236 1398 1316 1453 aeta-

311 1481 357 1534 tes
377 1474 550 1548 pervenerit.
589 1473 655 1532 Nisi
674 1471 749 1532 forte
770 1470 893 1546 fabulas,
915 1470 1075 1545 dequibus
1096 1470 1122 1548 ξ.
1143 1471 1224 1530 XIII.
1246 1470 1316 1542 dixi,

311 1550 414 1611 audite
433 1551 572 1622 volumus,
593 1565 699 1622 eosque
720 1551 886 1623 scriptores,
918 1549 969 1622 qui
987 1549 1098 1624 priscas
1116 1563 1165 1606 res
1187 1547 1226 1606 ad
1247 1563 1316 1607 suas

312 1627 533 1688 consuetudines
544 1632 632 1699 atque
641 1626 790 1685 libidinem
799 1624 919 1699 fingnmt,
930 1642 1051 1698 quorum
1062 1625 1150 1684 etiam
1159 1625 1316 1684 innumero

221 1771 224 1778 ,
312 1710 386 1778 sunt,
406 1705 455 1776 qni
471 1721 523 1763 suo
540 1720 571 1762 se
591 1702 689 1776 gladio
709 1702 896 1776 tugulentw).
922 1703 962 1762 ht
981 1702 1051 1775 quid
1068 1703 1212 1777 privatam
1225 1702 1316 1775 scrip

273 1798 298 1839 ar
312 1787 407 1841 turam
421 1778 585 1852 quaerimus
599 1781 634 1837 iis
648 1781 839 1852 temporibus,
853 1780 957 1853 quibus
967 1780 997 1837 in
1011 1795 1120 1838 summo
1130 1778 1228 1839 studio
1239 1778 1317 1838 ordi·

313 1859 473 1918 nandarum
486 1857 634 1915 civitatum
648 1871 684 1913 ne
699 1856 782 1928 leges
796 1857 912 1928 quidem
925 1856 1056 1916 videmus
1069 1855 1176 1914 litteris
1188 1857 1317 1928 promul·

311 1935 417 2008 getas?
437 1933 483 1991 De
503 1932 633 1992 omnibus
652 1933 817 1992 nationibus
832 1933 974 1993 Graeciae
993 1933 1105 2006 loquor,
1124 1948 1182 1993 non
1203 1933 1316 2007 excipio

311 2011 410 2080 Iones3
438 2009 474 2066 de
501 2008 604 2080 quibus
630 2008 700 2067 mihi
724 2025 779 2083 pro
809 2011 983 2069 auctoritate
1008 2008 1172 2068 habendum
1197 2009 1317 2068 videtur

312 2086 457 2144 silentium
478 2100 591 2156 eorum,
618 2085 667 2156 qui
687 2091 802 2158 veteres
822 2087 920 2160 legum
939 2088 1048 2147 latores
1068 2101 1158 2160 saepe
1179 2091 1317 2145 accurate

312 2166 489 2233 enumerant,
510 2161 640 2220 omnibus
654 2162 684 2220 in
697 2163 828 2221 ordinem
841 2165 978 2239 receptis,
999 2164 1103 2235 quibus
1117 2164 1217 2235 quovis
1230 2163 1317 2223 modo

312 2239 397 2298 huius
417 2239 539 2296 nominis
559 2237 651 2297 honor
670 2238 856 2298 tribueretur.
896 2242 1009 2316 Nempe
1028 2240 1072 2298 illi
1091 2244 1136 2299 tot
1155 2240 1317 2313 scriptores

312 2316 463 2387 utriusque
476 2315 593 2387 liuguae
607 2315 632 2373 si
645 2315 674 2373 in
688 2315 901 2376 Aristotelis-et
913 2317 1107 2391 Theophrasti
1119 2317 1318 2376 celeberrimis

313 2393 381 2452 olim
400 2392 481 2451 libris
502 2398 532 2450 et
552 2392 812 2466 collectionibusffl)
834 2395 957 2469 scriptas
975 2394 1094 2454 Ionibus
1110 2394 1157 2452 vel
1176 2393 1317 2454 Aeolibns

312 2469 393 2543 leges
413 2469 560 2528 recenseri
578 2469 727 2538 vidIssent,
748 2476 817 2529 ante
836 2471 983 2532 Pittacum
1001 2471 1114 2544 Olymp.
1126 2470 1262 2529 XLVIII.
1276 2471 1318 2530 la·

312 2552 368 2619 tas,
393 2563 477 2606 nemo
498 2547 678 2618 antiquitatis
699 2549 810 2620 peritus
830 2553 923 2622 putet,
952 2548 983 2606 id
1004 2563 1053 2608 eos
1072 2552 1155 2606 tanto
1174 2559 1318 2607 consensu

312 2625 542 2695 transmIssuros,
555 2639 610 2681 nec
622 2640 697 2683 novo
710 2625 825 2684 nomine
838 2626 963 2683 indicem
973 2641 1056 2683 suum
1069 2629 1205 2683 aucturos
1215 2621 1317 2683 inisse.

312 2699 358 2758 Ex
377 2717 434 2772 quo
453 2700 637 2772 intelligitur,
658 2716 694 2758 ea
713 2702 818 2771 omnia,
839 2717 914 2772 quae
933 2707 995 2759 tum
1013 2717 1067 2776 pro
1079 2701 1193 2773 legibus
1208 2705 1317 2772 essent,

314 2778 373 2834 sive
394 2774 482 2851 νόμοι,
504 2776 564 2833 sive
585 2773 698 2851 θεσμοί,
718 2776 779 2834 sive
795 2774 901 2856 ῥῆτραι
921 2779 1107 2850 vocabantur,
1134 2778 1164 2836 in
1183 2777 1268 2837 Ionia
1287 2783 1318 2836 et

383 2933 430 2995 ,30)
455 2933 499 2986 lta
524 2930 638 2999 Gorgias
662 2939 838 3004 personatus,
864 2937 911 3005 qui
932 2935 1071 2990 Palamedi
1092 2934 1201 2988 inventa
1220 2933 1318 2989 tribuit

313 3001 477 3082 γράμματᾳ,
502 3002 608 3071 μνήμης
624 3000 757 3070 ὄργανον,
783 3004 902 3058 elusdem
927 3010 1017 3058 aetate
1035 3002 1319 3084 quasiupervulgutum

313 3083 392 3148 usum
414 3069 589 3137 epistolarum
613 3076 744 3150 memorat
762 3088 789 3140 p.
810 3077 882 3142 104.,
905 3072 990 3126 islsns
1013 3079 1094 3126 etnam
1112 3086 1140 3125 ιιι
1157 3071 1223 3150 hoc,
1244 3069 1318 3151 qnod

314 3135 413 3190 rbrdem
431 3137 565 3192 Graecum
588 3152 648 3190 cum
668 3137 786 3196 'Pronano
809 3142 867 3196 sine
890 3141 1038 3263 Intergrete
1062 3139 1180 3208 colloqui
1196 3145 1317 3207 potmsse

317 3211 407 3273 negat.
424 3205 497 3258 Istae
510 3203 589 3259 situi
603 3205 775 3263 satisfaciant
787 3209 904 3278 ineptiae
926 3209 952 3262 ei
984 3207 1085 3262 vidium
1096 3213 1234 3262 auctorem
1244 3206 1317 3276 Epp.

312 3271 460 3327 Heroidum
478 3279 506 3326 et
522 3272 621 3326 multos
639 3272 707 3327 alios
725 3284 906 3332 commonstra
925 3293 941 3332 o
959 3277 1073 3340 maiores
1090 3283 1227 3356 patronos,
1248 3292 1315 3398 gno

314 3355 374 3393 rum
398 3346 488 3394 tamen
505 3340 595 3394 nullus
613 3345 668 3394 tam
687 3343 836 3399 honoratus
853 3353 908 3414 est,
932 3361 1013 3413 quam
1031 3343 1170 3398 Mubanus
1187 3349 1231 3398 ter
1271 3359 1317 3398 on·

312 3408 362 3475 sul,
380 3409 427 3476 qui
444 3408 605 3476 Sarpedoms
623 3408 763 3476 epistolam
783 3413 917 3483 quandam
934 3430 951 3468 a
969 3413 1052 3468 TroIa
1068 3413 1196 3480 scriptam
1213 3411 1242 3465 iu
1263 3411 1317 3482 Ly·

317 3477 359 3530 cia
377 3477 434 3544 ipse
453 3477 564 3545 legerat,
582 3476 696 3530 mirante
713 3480 800 3534 Plinio
819 3483 895 3550 XIII,
918 3486 957 3537 13.

389 3563 425 3630 ³1)
448 3560 517 3617 Vide
541 3562 622 3617 Fabr.
640 3562 672 3617 B.
692 3563 737 3618 Gr.
756 3566 788 3619 L.
806 3558 856 3620 ΙΙΙ.
876 3583 898 3620 c.
917 3570 941 3622 7.
980 3609 986 3619 .
1006 3569 1064 3621 194.
1082 3572 1110 3620 et
1127 3580 1150 3619 c.
1167 3569 1192 3620 9.
1210 3580 1237 3632 p.
1255 3568 1315 3619 251.

313 3630 413 3685 Omitto
432 3630 528 3685 simiIIa
545 3646 629 3698 opera
646 3631 759 3687 aliorum
779 3634 812 3688 de
831 3635 935 3702 legibus
953 3583 1064 3689 graecis
1082 3640 1110 3687 et
1122 3649 1214 3688 earum
1226 3633 1317 3692 latori·

312 3698 376 3762 bus,
403 3699 490 3753 minus
512 3700 637 3754 tritorum
661 3699 790 3770 lectione,
817 3708 946 3771 tanquam
970 3703 1141 3771 Callimachi,
1165 3700 1316 3756 Heraclidis

312 3767 427 3837 Pontici,
444 3768 587 3838 Hermippi
605 3774 657 3822 etc.
