3034 4434
643 487 818 545 -167-

237 639 367 712 Denique
386 639 455 711 quid
474 639 529 698 hoc
548 646 601 711 est,
622 638 698 711 quod
717 647 777 698 tam
796 637 963 713 frequenter
981 641 1012 698 in
1032 640 1157 713 egregiis
1169 640 1228 698 illis
1240 652 1279 694 au

237 717 356 776 Scheliis
369 716 501 788 legimus,
515 716 691 776 Zenodotum
705 721 735 774 et
746 717 970 790 Aristophanem
983 716 1093 788 aliquid
1106 714 1229 794 προηθε-

236 790 350 871 ιηκέναι
369 795 387 848 i.
408 810 433 851 e.
454 803 515 847 uate
527 796 669 864 natavisse,
690 796 793 848 odedum
812 793 1033 864 amecepeoeiiti
1054 792 1230 853 011111εὲ01)-

236 887 325 930 seoro.
364 870 440 928 Num
466 871 633 941 cuiusquam
657 869 731 927 alius
756 885 843 940 quam
864 872 939 943 eius,
959 871 1010 943 qui
1028 887 1100 929 unus
1120 870 1227 930 studio·

236 948 346 1006 sissime
360 948 478 1002 Homero
493 950 593 1002 codron
606 949 747 1017 quoesisse,
768 949 914 1018 chelasque,
934 950 1090 1018 spuriorum
1102 950 1229 1018 stigmata
1240 958 1280 1000 m

235 1035 341 1096 aarum,
368 1023 574 1097 propemodum
598 1023 741 1081 invenisse
767 1023 895 1082 creditus
916 1022 981 1084 esti
1019 1022 1107 1083 Haud
1126 1039 1227 1083 vercor

234 1102 332 1173 igitur,
352 1117 389 1158 ne
403 1101 569 1159 coniectura
583 1100 723 1171 aberrem,
743 1100 769 1158 si
782 1100 872 1160 multo
885 1100 1022 1159 maiorem
1036 1107 1150 1174 partem
1162 1101 1231 1159 isto

235 1194 296 1235 rum
317 1177 464 1236 obelorum
485 1177 522 1234 ad
541 1177 740 1234 Aristarchum
761 1178 907 1250 pertinere
927 1177 1030 1236 dicam.
1067 1178 1143 1237 Nam
1162 1194 1231 1237 non·

234 1255 304 1312 nulli
329 1271 399 1312 sane
424 1254 516 1311 videri
544 1255 656 1326 possint
675 1254 830 1312 Aristonici
851 1271 915 1312 esse
935 1255 981 1312 vel
1002 1254 1124 1313 oliorum
1144 1255 1231 1312 etiam

236 1332 441 1402 antiquiorum,
472 1346 592 1401 quorum
621 1331 788 1388 memoriam
816 1328 975 1406 παράδοσις
1005 1331 1143 1389 obruerit.
1188 1331 1232 1388 Ac

236 1408 332 1481 cupiat
352 1408 393 1465 ita
412 1424 473 1464 rem
495 1423 569 1475 esse,
588 1407 717 1478 quisquis
737 1405 816 1464 favet
835 1424 939 1479 magno
959 1408 1080 1466 nomini:
1107 1406 1180 1466 adeo
1200 1408 1230 1464 in

237 1485 295 1542 illis
316 1485 407 1541 multa
427 1490 493 1541 sunt
512 1484 670 1556 specimina
689 1485 877 1556 pravissimae
897 1485 1079 1542 temeritatis.

311 1561 427 1619 Etenim
457 1578 557 1618 versus
587 1561 617 1617 in
647 1560 745 1618 codice
767 1555 953 1636 ὠβελισμένοι
983 1567 1049 1618 sunt
1076 1560 1231 1619 admodum

237 1640 307 1709 4⁷03
332 1654 523 1708 numerusque
548 1635 671 1695 fortasse
698 1637 846 1707 aliquanto
866 1638 958 1696 maior
977 1644 1068 1709 esset,
1095 1639 1120 1695 si
1139 1636 1232 1696 codex

237 1721 367 1772 servatus
389 1721 468 1772 esset
487 1716 608 1785 integer.
641 1713 778 1771 Attamen
798 1729 834 1771 ne
853 1714 934 1770 illum
954 1714 1070 1786 quidem
1082 1730 1232 1772 numerum

237 1808 288 1862 per
313 1807 344 1849 se
369 1793 486 1849 nimium
510 1797 609 1863 putem
633 1807 686 1862 pro
711 1788 788 1848 fama
812 1790 888 1848 obeli
911 1791 1099 1850 Aristarchei.
1147 1791 1232 1848 Hunc

238 1876 332 1925 autem
352 1875 385 1926 nt
404 1884 625 1940 cognoscamus,
650 1883 770 1925 necesse
791 1872 836 1925 est
855 1868 926 1925 talia
946 1884 1117 1940 quaeramus
1138 1883 1232 1925 exem·

238 1945 293 2016 pla,
314 1961 388 2016 quae
408 1945 576 2004 Aristarcho
597 1951 678 2002 certa
698 1942 754 2002 fide
775 1943 985 2005 adscribuntur.
1024 1945 1127 2018 Neque
1146 1945 1176 2001 in
1195 1944 1231 2002 iis

238 2022 307 2093 ipsis
327 2022 397 2079 nihil
417 2023 577 2094 reperitur,
605 2021 681 2093 quod
700 2022 798 2094 nobis,
824 2023 873 2093 qui
892 2021 1059 2082 nectentes
1080 2023 1156 2093 eius,
1180 2037 1234 2079 nec
1246 2041 1285 2083 ur

239 2113 339 2155 causas
366 2099 564 2170 castigationis
592 2115 689 2157 omnes
709 2100 856 2166 novimus,
882 2100 1066 2157 temerarium
1086 2105 1117 2158 et
1136 2098 1172 2157 ab
1191 2098 1234 2155 in·

240 2176 312 2246 signi
339 2176 493 2234 insolentia
519 2173 679 2248 profectum
705 2175 798 2233 videri
824 2175 938 2234 debeat.
977 2176 1084 2234 Verum
1110 2181 1234 2234 nonest

239 2251 321 2308 huius
341 2253 405 2323 leci,
427 2252 463 2310 de
483 2252 537 2311 hoo
552 2268 658 2323 genere
672 2259 807 2310 accurate
822 2251 987 2325 disputare:
1008 2254 1107 2324 itaque
1120 2253 1233 2326 potiora

243 2328 383 2399 quaedam
402 2331 507 2387 leviter
525 2329 762 2402 perstringamus.

315 2405 468 2463 Ordiamur
488 2406 524 2463 ah
547 2406 691 2477 extremis,
710 2399 875 2483 Ὁμηρικῶς,
895 2413 928 2464 ut
947 2407 1036 2463 aiunt.
1074 2406 1152 2465 Nota
1172 2411 1236 2464 erat

238 2481 293 2538 iam
314 2481 421 2539 dudum
443 2500 478 2540 ex
490 2481 645 2541 Eustathio
656 2488 686 2539 et
699 2483 764 2540 aliis
779 2478 918 2558 ἀθέτησις
931 2498 1064 2540 versuum
1078 2482 1115 2540 de
1128 2482 1235 2541 iudicio

237 2556 351 2616 Paridis
366 2567 540 2632 w.24—30.,
554 2558 638 2618 modo
650 2566 750 2617 auctor
761 2555 931 2636 ἀθετήσεως
941 2558 1136 2632 ignorabatur,
1150 2575 1236 2630 quem

237 2634 435 2693 Aristarchum
461 2653 525 2694 esse
551 2652 625 2693 nnuc
650 2637 848 2708 comperimus.
887 2636 934 2694 Ab
960 2652 995 2694 eo
1020 2635 1108 2708 igitur
1135 2641 1235 2694 notata

238 2718 303 2768 sunt
323 2713 351 2769 in
371 2714 458 2770 istum
478 2714 571 2771 locum
592 2719 622 2770 et
641 2713 699 2771 alia
719 2712 862 2784 quaedam
881 2729 951 2771 sane
971 2712 1090 2784 leviore,
1117 2719 1147 2770 et
1167 2713 1230 2780 hoc,

305 2891 340 2955 ⁵7)
358 2889 426 2942 Vide
446 2889 480 2943 ad
498 2889 521 2941 i.
539 2893 597 2943 358.
616 2893 675 2943 515.
694 2888 718 2948 ξ.
736 2893 778 2944 95.
796 2892 855 2942 213.
872 2890 923 2944 317
933 2890 1032 2943 -327,
1057 2907 1079 2940 ο.
1100 2890 1156 2943 147.
1177 2891 1233 2942 148.

237 2977 263 3011 o.
282 2962 392 3012 39-49.
410 2976 433 3010 τ.
452 2960 511 3012 327.
531 2962 559 3023 φ.
577 2962 636 3012 824.
654 2961 712 3011 825.
732 2978 762 3010 ω.
781 2961 857 3011 6-9.
874 2957 1018 3012 ora-617.
1036 2956 1082 3009 ubi
1099 2963 1172 3023 nota,
1189 2971 1234 3010 vo·

238 3026 332 3105 cabulo
352 3028 540 3146 rsioqu'rqrcr
558 3028 748 3111 arpoqdeiro
766 3025 822 3079 fere
839 3025 1023 3105 praepositum
1042 3040 1104 3105 esse
1118 3024 1237 3104 usitptis-

239 3111 333 3147 srmum
360 3094 426 3146 ilud
456 3095 651 3147 dderccrar.
694 3092 823 3146 Eiusdem
854 3109 960 3160 generis
985 3100 1012 3146 et
1035 3092 1238 3162 significationis

239 3169 300 3216 sunt
318 3163 378 3230 ioci,
396 3163 442 3214 ubi
460 3169 501 3214 est
519 3165 646 3233 ὴθετεῖτο
664 3163 720 3212 καὶ
744 3162 818 3231 παρὰ
837 3162 989 3232 Ζηνοδότῳ,
1008 3162 1061 3214 καὶ
1079 3165 1145 3229 παρ’
1164 3161 1238 3230 Ἀρι·

238 3232 382 3350 Ξτοφάνεξ,
400 3232 462 3351 ,εἶθ
481 3231 560 3313 οὐδὲ
578 3232 625 3300 ἦν,
636 3230 902 3351 ἲῗϊίἰὸὲϋέγράφετο,
930 3231 1007 3282 οὐδὲ
1026 3232 1146 3352 ἐφέρετγο
1162 3229 1238 3350 πὸαέέἀ

240 3317 386 3420 „33⁷³qu
404 3316 649 3422 κ.’ἕᾌσᾶοφ3ἕῖ.ε”39τ.
660 3313 726 3419 ¹438.
745 3302 830 3421 r.¹7⁶e4.'
842 3303 994 3422 dirisi?
1006 3303 1239 3420 c2rf³422c3soffsscaa2

239 3453 262 3488 κ.
280 3438 338 3488 253.
357 3434 379 3487 i.
402 3439 457 3488 180.
477 3452 501 3486 σ.
520 3438 580 3490 597.
594 3450 632 3502 sq.
651 3452 679 3501 φ.
699 3437 755 3487 130.
792 3435 1035 3501 Quotuortantum
1053 3433 1237 3501 autquinque

240 3502 305 3581 locis
324 3518 421 3582 nomen
438 3502 591 3557 Aristarchi
608 3502 757 3582 subiectum
777 3512 825 3583 est·
836 3503 896 3570 illis,
914 3510 945 3556 ut
963 3521 978 3555 ι.
997 3505 1056 3557 884.
1090 3500 1165 3580 ilaec
1176 3515 1238 3578 ‘orn-

241 3580 670 3707 haereditaturus
687 3568 1238 3706 it”.tthtit“¹u.ttt.tt.tidtt

239 3708 481 3776 παραδόσεως,
502 3709 689 3760 Aristarchum.
