3034 4434
507 518 511 525 ’
607 551 788 604 -eo-

198 695 301 757 frustm
334 702 381 756 tot
415 701 550 757 auctores
576 698 649 755 artis
674 696 819 756 dilaudari
844 698 1035 772 suspicentur.
1078 699 1122 757 Ac
1149 698 1204 758 fuit

201 774 323 846 quidem,
351 789 443 845 quum
463 790 519 847 ego
539 790 654 846 quoque
674 775 910 833 honorationem
930 791 1077 848 sequerer,
1102 782 1132 834 et
1151 776 1203 835 Or-

200 851 265 924 phei
290 851 476 924 temporibus
501 851 604 910 saltem
630 851 730 910 titulos
757 856 788 909 et
808 853 1017 924 epigrammata
1037 853 1204 912 abiudicare

200 944 253 986 non
278 926 431 986 auderem.
471 927 674 987 Sollicitabant
697 944 743 986 me
763 935 882 1001 praeter
902 929 975 986 alias
995 944 1097 988 causas
1117 946 1204 1002 quae-

200 1004 263 1062 dam
290 1004 458 1063 litterarum
483 1009 679 1077 monumenta,
712 1020 788 1077 qnae
814 1005 979 1076 antiquiora
1003 1005 1130 1066 Homero
1159 1006 1204 1065 vel
1218 1020 1243 1059 se

158 1085 160 1089 '
202 1081 264 1140 olim
288 1081 457 1139 constitisse
477 1081 621 1154 dicuntur,
647 1082 693 1140 vel
711 1081 800 1141 hodie
819 1081 856 1140 ab
878 1082 1000 1140 eruditis
1020 1083 1125 1156 cupide
1139 1100 1205 1156 per-

201 1155 387 1228 hibentur21).
429 1158 536 1215 Verum
566 1157 603 1217 ab
632 1174 668 1217 ea
694 1159 742 1216 vie
761 1158 913 1230 pleneme
934 1165 1102 1218 averterunt
1121 1161 1206 1232 plura

202 1234 326 1306 vestigia
338 1233 489 1306 historica,
511 1250 668 1306 earumque
682 1250 788 1306 rerum,
809 1233 913 1305 quibus
926 1235 1011 1294 istius
1025 1237 1133 1294 aetatis
1147 1237 1206 1295 cul·

202 1316 246 1368 tus
266 1310 481 1383 continebatur,
501 1317 532 1369 et
551 1312 680 1384 ipsorum
699 1312 816 1370 illorum
830 1318 1078 1372 monumentorum
1091 1314 1206 1373 comosa

204 1394 231 1444 et
254 1386 373 1445 subtilis
402 1387 585 1447 adsumatio.
625 1388 728 1460 Itaque
755 1403 858 1446 maneo
883 1389 914 1445 in
933 1405 969 1447 ea
988 1391 1142 1462 sententie,
1164 1396 1205 1462 ut,
1317 1408 1319 1413 ·

205 1463 316 1522 etiamsi
325 1464 384 1522 ista
393 1465 492 1523 omnia
504 1470 635 1538 tempore
648 1464 828 1538 praecedant
840 1464 1006 1538 Homerum,
1027 1466 1115 1536 (malo
1129 1467 1206 1524 euim

204 1540 271 1598 illud
299 1556 376 1599 nunc
400 1541 430 1598 in
449 1541 545 1600 medio
564 1542 743 1614 relinquere,
769 1557 856 1613 qnam
880 1539 1037 1600 deflectere
1062 1542 1100 1602 de
1119 1558 1206 1601 cursu

204 1620 287 1689 meo,)
308 1623 407 1677 tamen
427 1617 495 1676 inde
514 1617 586 1675 nihil
606 1624 739 1677 constare
758 1619 796 1677 de
811 1619 930 1690 vulgato
943 1634 998 1675 usu
1011 1619 1083 1677 artis
1096 1627 1204 1692 putem.

204 1693 276 1752 Nam
297 1699 436 1766 superato
457 1709 580 1767 operoso
600 1695 713 1768 labore,
746 1702 780 1753 ut
803 1695 976 1767 peregrinae
995 1700 1082 1753 notae
1101 1696 1205 1767 patriis

206 1771 279 1829 souis
301 1776 483 1844 aptarentur,
502 1787 652 1843 novaeque
672 1771 867 1831 subderentur
886 1770 1032 1829 vocalibus
1053 1777 1084 1829 et
1103 1772 1138 1828 iis
1158 1771 1205 1829 lit·

205 1848 286 1920 teris,
313 1847 418 1918 quibus
442 1846 617 1906 Phoenicum
642 1849 788 1923 scriptura
816 1848 970 1906 caruisset:
1003 1863 1060 1918 quo
1087 1848 1205 1920 negotio

204 1921 330 1995 perfecto
366 1923 482 1984 domum
515 1940 563 1982 res
601 1924 639 1984 ad
676 1925 880 1998 inscriptiones
916 1924 1047 1997 lapidum
1067 1924 1205 1982 similisve

205 2001 343 2059 materiae
373 2000 489 2059 traduci
518 2002 627 2074 potuit:
661 2008 859 2061 verumtamen
878 2007 912 2060 ut
930 2003 980 2060 illa
999 2001 1207 2061 meditamenta

205 2077 259 2135 iam
274 2076 373 2135 Iliacis
388 2077 567 2150 temporibus
589 2077 661 2137 satis
678 2077 937 2152 perfectaiuerint,
962 2079 1079 2150 longum
1094 2078 1161 2137 hinc
1177 2084 1207 2136 et

205 2154 299 2212 multis
315 2153 411 2213 modis
428 2153 599 2226 impeditum
611 2155 669 2213 iter
677 2155 819 2228 restabat,
839 2156 931 2215 donec
951 2161 1044 2214 artem
1062 2155 1206 2215 habilibus

205 2229 402 2289 instrumentis
424 2237 522 2303 aptam
542 2231 648 2290 cultior
668 2231 808 2291 doctrinis
822 2232 946 2305 populus
960 2232 997 2290 ad
1011 2231 1142 2290 brevium
1156 2248 1207 2305 pa·

208 2307 347 2378 ginarum,
368 2312 430 2364 tum
450 2307 488 2365 ad
508 2307 615 2366 iustam
634 2307 773 2368 librorum
793 2309 980 2381 scriptionem
1000 2308 1161 2367 adhiberet.

281 2383 388 2442 Tribus
414 2383 510 2448 verbis
535 2384 675 2454 indicavi,
701 2400 791 2457 quae,
816 2390 850 2442 ut
877 2391 939 2442 tum
964 2390 1095 2456 tempora
1115 2389 1206 2455 erant,

207 2456 325 2518 forsitan
345 2475 397 2518 sex
417 2461 540 2519 saeculis
560 2477 618 2520 non
637 2462 786 2534 potuerint
805 2460 843 2518 ad
863 2460 995 2517 effectum
1015 2460 1121 2517 uenire.
1147 2458 1206 2516 Diu

207 2537 279 2594 enim
304 2537 420 2595 illorum
443 2536 589 2596 hominum
614 2539 675 2596 vita
701 2543 731 2597 et
760 2537 929 2609 simplicitas
954 2535 1026 2592 nihil
1052 2533 1205 2592 admodum
1219 2553 1244 2592 oo

206 2611 321 2686 habuit,
343 2613 424 2684 >qnod
444 2613 590 2686 scriptura
609 2614 726 2686 dignum
746 2613 911 2671 videretur:
938 2611 969 2669 in
989 2611 1054 2669 aliis
1074 2610 1205 2669 omnibus

207 2689 341 2762 occupati
361 2695 452 2761 agunt
472 2690 524 2763 illi,
545 2706 621 2762 quae
639 2691 749 2764 posteri
763 2689 900 2760 scribunt,
920 2689 975 2760 vel,
996 2693 1029 2746 ut
1041 2686 1078 2744 de
1091 2686 1206 2758 quibus-

208 2764 270 2824 dam
284 2766 401 2838 populis
417 2767 589 2838 accepimns,
606 2768 694 2825 etiam
707 2772 895 2825 monstratam
910 2781 1027 2838 operam
1040 2764 1114 2823 hane
1127 2778 1207 2837 sper-

197 2848 275 2918 nunt
294 2848 434 2914 tanquam
453 2843 583 2902 indecori
602 2844 669 2902 otii:
692 2841 826 2901 Carmina
845 2848 952 2914 autem,
973 2856 1047 2913 qnae
1066 2847 1206 2915 pangunt,

207 2918 290 2992 longo
318 2935 374 2976 usu
394 2919 437 2976 sic
456 2935 507 2977 ore
528 2925 558 2978 et
576 2917 697 2978 fundere
719 2924 749 2977 et
769 2919 903 2991 excipere
923 2924 1148 2991 consueverunt,
1175 2923 1208 2975 ut

207 3003 291 3053 cantu
313 3002 344 3054 et
363 2996 535 3055 recitatione
555 2996 741 3054 cummaxime
761 2995 889 3066 vigentia
902 2994 1046 3052 deducere
1060 2994 1098 3051 ad
1111 2999 1207 3053 mutes

206 3078 296 3144 notas,
319 3088 355 3130 ex
369 3071 448 3130 illius
459 3072 564 3130 aetatis
578 3089 665 3130 sensu
678 3072 749 3129 nihil
763 3071 843 3130 aliud
857 3077 944 3143 esset,
965 3087 1051 3142 quam
1064 3071 1207 3144 perimere

201 3163 239 3206 -ea
266 3154 296 3207 et
316 3149 399 3206 vitali
419 3149 448 3205 vi
467 3164 502 3206 ac
521 3149 626 3220 spiritu
646 3149 772 3221 privare.
814 3148 877 3219 Qua
897 3147 933 3205 de
953 3164 986 3205 re
1005 3145 1081 3205 inira
1101 3146 1206 3218 dicem,

207 3240 291 3295 quum
312 3224 350 3283 de
369 3240 489 3282 munere
508 3224 718 3297 rhapsodorum
739 3223 902 3296 explicabo.
926 3225 1011 3282 Nunc
1030 3223 1068 3281 ad
1087 3223 1208 3298 impedi-

206 3308 300 3360 menta
321 3302 543 3374 praevertimur,
565 3317 640 3372 quae
659 3306 741 3359 aetas
763 3299 801 3358 ad
815 3299 928 3374 opificia
941 3302 1034 3358 minus
1048 3316 1139 3372 sagax
1151 3315 1209 3358 non

178 3378 182 3390 '
207 3379 298 3448 potnit
324 3394 382 3437 non
412 3376 552 3449 obiicere,
579 3392 615 3434 ne
635 3377 692 3436 cito
719 3376 786 3434 talis
814 3395 877 3446 res,
902 3384 963 3436 tam
982 3393 1036 3450 per
1055 3392 1086 3434 se
1106 3392 1208 3449 parurn

209 3460 274 3526 apta
302 3452 452 3523 sensibuS,
479 3453 516 3512 ab
541 3452 719 3512 obscuritate
742 3453 969 3514 rudimentorum
989 3453 1026 3511 ad
1046 3458 1208 3525 promptam

218 3563 221 3568 Ι
275 3591 313 3657 21)
332 3590 375 3643 De
393 3588 437 3642 his
454 3587 520 3642 satis
537 3587 620 3642 fuerit
637 3590 775 3644 nominare
793 3605 874 3643 unam
886 3586 1086 3642 celeberrimam
1098 3583 1207 3650 inscrip-

208 3657 313 3738 tionem
323 3672 360 3727 ex
372 3655 527 3778 Amssolaets
537 3670 554 3710 a
566 3657 740 3711 Fourmontio
753 3658 882 3726 repertis:
900 3657 933 3736 de
951 3655 1005 3735 illis
1014 3652 1111 3730 Thesei
1123 3649 1207 3703 stelen

209 3724 342 3804 lapideam*
357 3740 402 3792 ap.
447 3722 560 3777 emosth.
579 3739 601 3777 c.
621 3726 719 3780 Neaer.
758 3729 836 3781 .873.
913 3737 998 3792 ipsius
1015 3720 1110 3774 Cadmi
1127 3717 1207 3770 dona·

210 3808 275 3848 num
292 3809 336 3862 ap.
355 3791 436 3847 Diod.
450 3790 482 3858 V,
500 3795 551 3859 58,
569 3807 680 3848 aeneam
698 3742 818 3847 tablirlam
835 3726 958 3861 agion.
971 3789 1082 3855 VH,b8.
1095 3791 1145 3842 etc,
1157 3790 1206 3837 etc.

1038 3884 1066 3926 qe
