3034 4434
632 551 811 606 -109-

217 673 303 760 moltis
325 715 432 760 eorum
452 698 524 757 nihil
543 699 623 759 aliud
644 700 805 774 constabat,
823 699 880 758 nisi
899 699 976 758 unde
996 701 1117 773 quisque
1131 699 1214 761 domo

217 782 296 851 esset,
315 793 388 846 non,
410 791 428 835 a
448 792 504 848 quo
525 784 604 836 esset
618 782 762 836 exaratus.
804 777 867 850 Qua
885 777 916 834 in
936 774 1117 837 dubitatione
1130 787 1266 851 prae-1¹⁸

215 851 275 914 fecti
300 852 502 914 bibliothecae
527 853 559 913 id
584 870 672 912 unum
695 851 808 913 referre
833 858 990 927 potuerunt
1014 855 1044 912 in
1064 855 1213 928 catalogos

213 947 283 1005 suos,
305 929 440 992 codicem
460 929 536 988 hunc
556 945 593 990 ex
613 930 695 1004 chio,
719 931 801 991 illum
820 931 964 1004 Massilia,
989 932 1077 990 alium
1097 931 1214 998 aliunde

213 1008 339 1068 allatum.
378 1005 495 1067 Eodem
513 1008 600 1082 plano
619 1006 705 1068 modo
725 1006 817 1067 tradit
837 1008 964 1067 Galenus
985 1007 1059 1068 adeo
1079 1025 1116 1068 ex
1135 1010 1214 1068 navi·

212 1085 259 1144 bus
281 1084 474 1156 Graecorum,
493 1085 544 1156 qui
562 1083 601 1143 ad
619 1083 788 1158 Aegyptum
807 1085 996 1158 appulissent,
1017 1085 1129 1145 ablatos
1150 1101 1215 1145 esse

210 1162 288 1235 regio
315 1163 399 1220 iussu
423 1160 527 1234 libros,
555 1161 618 1234 qui,
645 1159 798 1222 confestim
823 1161 1000 1235 apographis
1019 1159 1105 1221 factis
1127 1168 1157 1221 et
1177 1161 1215 1221 ad

212 1237 340 1299 dominos
361 1236 500 1311 remissis,
521 1254 553 1296 re
575 1238 643 1297 ositi
664 1244 761 1297 essent
779 1239 810 1295 in
829 1255 935 1311 magna
954 1238 1130 1298 bibliotheca
1149 1255 1214 1297 oum

210 1315 260 1375 hae
279 1314 483 1389 inscriptione,
507 1255 583 1372 lod
596 1311 651 1372 ΕΚ
666 1311 866 1389 olorone).
908 1314 961 1375 (lui
980 1316 1066 1374 titulo
1087 1316 1156 1388 quid
1176 1317 1214 1374 si·
1289 1329 1291 1332 ·

210 1392 303 1451 nilins
332 1396 379 1450 est
423 1407 489 1450 nam
513 1392 575 1461 hio,
600 1407 656 1463 quo
678 1391 820 1452 editiones
840 1392 908 1451 illae
928 1397 1078 1464 notantur,
1106 1390 1149 1449 ΑΙ
1165 1388 1219 1449 ΕΚ

211 1464 377 1538 bohholt,
399 1407 441 1526 Κλ
458 1463 534 1526 Ano
554 1465 730 1526 llOAEilN?
1002 1481 1008 1489 ’
1234 1528 1238 1532 .

284 1544 400 1618 Quodsi
424 1544 480 1604 hae
511 1543 653 1605 editiones
673 1546 727 1604 tali
745 1545 832 1605 modo
852 1545 1091 1604 discernebantur
1111 1544 1147 1603 ab
1167 1545 1213 1617 iis,

211 1637 332 1695 sumum
352 1622 415 1681 noti
436 1627 520 1681 erant
539 1627 682 1696 auctores,
702 1620 816 1682 facilior
836 1622 1011 1682 existimatio
1032 1626 1077 1681 est
1096 1621 1134 1679 de
1147 1637 1214 1679 auo·

210 1700 329 1760 toritate
350 1714 459 1758 earum.
499 1697 619 1759 Publico
639 1699 720 1758 iussu
739 1700 805 1758 illas
824 1696 918 1758 factas
939 1714 1003 1757 esse
1023 1698 1069 1757 vel
1083 1703 1213 1757 servatas

211 1776 335 1849 publice,
356 1791 427 1835 cave
448 1775 581 1851 cuiquam
601 1780 669 1834 ante
689 1774 845 1848 credas41),
865 1792 951 1848 quam
969 1774 1115 1848 probabili
1128 1790 1214 1846 argu·
1227 1782 1265 1822 ιιι

211 1859 305 1913 mento
327 1851 556 1911 demonstratum
576 1850 672 1925 fuerit,
693 1852 836 1912 eiusmodi
854 1851 989 1911 instituta
1008 1852 1076 1911 olim
1095 1852 1126 1908 in
1146 1851 1214 1909 eivi-

212 1931 318 1990 tatibus
340 1928 483 1988 Graeciae
503 1929 671 2002 obtinuisse,
696 1945 848 2002 quaeres,
874 1945 940 1988 meo
960 1928 1076 2001 quidem
1095 1927 1213 1999 iudicio,

211 2023 261 2067 non
282 2006 367 2065 cadit
385 2006 416 2063 in
428 2006 486 2064 ista
499 2011 641 2079 tempora.
676 2007 769 2077 Quum
783 2011 880 2065 autem
894 2007 1062 2079 antiquitus,
1082 2011 1116 2064 ut
1128 2020 1214 2078 prae-

211 2082 273 2157 dixi,
294 2083 346 2141 vix
365 2083 518 2155 quisquam
538 2084 611 2142 alius
631 2099 717 2155 quom
737 2088 826 2156 poeta
839 2089 890 2142 aut
904 2083 1004 2143 rhetor
1017 2099 1082 2143 sese
1097 2082 1213 2142 dederit

212 2160 242 2220 ad
261 2161 339 2220 haec
358 2159 462 2218 critica
482 2159 590 2229 studia,
609 2158 708 2219 forsan
728 2159 830 2220 eadem
850 2161 952 2220 harum
971 2160 1123 2218 πολιτικῶν
1136 2157 1212 2236 brop-

211 2233 333 2295 λώσεων
359 2236 519 2296 auotoritas
538 2234 641 2310 fuerit,
669 2242 756 2308 atque
776 2238 840 2311 illa,
867 2253 952 2309 quam
971 2238 1002 2295 in
1021 2237 1212 2296 Antimaehca

212 2319 236 2373 et
254 2312 366 2374 ceteris
387 2312 472 2372 huius
493 2314 557 2372 aevi
573 2313 730 2373 amisimus.
762 2314 871 2373 Verum
889 2315 960 2373 lioet
979 2315 1009 2371 in
1020 2314 1107 2373 variis
1122 2313 1212 2385 soripss

210 2392 278 2450 turis
300 2390 426 2462 illarum,
446 2394 506 2448 tam
525 2387 645 2450 fortuito
665 2390 703 2449 ad
717 2407 769 2450 nos
783 2390 968 2463 transmissis,
988 2391 1141 2449 nonnullae
1156 2390 1213 2446 sint

212 2469 280 2529 sotis
301 2466 407 2538 bonae,
428 2466 503 2525 duae
523 2472 583 2526 tres
605 2468 693 2526 etiam
711 2468 941 2540 praestantiores
961 2467 1096 2538 vulgatis,
1120 2466 1210 2523 multo

210 2547 304 2604 amen
328 2544 423 2602 maior
446 2559 581 2602 numerus
608 2543 758 2605 confirmat
784 2544 829 2618 id,
856 2542 932 2615 qnod
960 2548 1028 2602 ante
1048 2542 1210 2615 suspicatus

271 2742 311 2808 4⁰)
328 2736 447 2794 Illustris
464 2736 538 2792 locus
557 2743 598 2792 est
615 2737 644 2791 in
655 2738 769 2793 historia
780 2736 967 2807 Hippocratici
979 2735 1028 2790 111.
1041 2734 1102 2789 libri
1113 2734 1213 2803 Epide·

208 2809 320 2866 miorum
338 2823 382 2876 ap.
401 2805 532 2861 Galerium
550 2806 698 2862 comment.
716 2805 751 2860 ad
763 2807 837 2860 illum
849 2806 947 2860 librum
960 2805 1054 2870 ὁπόμν.
1065 2804 1095 2870 β.
1111 2819 1139 2887 p.
1151 2808 1210 2857 411.

208 2876 250 2932 inf.
274 2876 308 2930 Τ.
329 2874 366 2929 V.
394 2873 475 2928 Basil.
516 2870 657 2939 Φιλότιμον
683 2892 717 2928 πε
740 2876 748 2928 ὶ
769 2875 865 2941 βιβλία
889 2875 936 2926 τόν
961 2892 993 2925 τε
1022 2872 1140 2936 βασιλεα
1163 2876 1214 2941 τῆς

208 2945 347 3014 Δίγύπταυ
358 2939 526 3006 Πτολεμαῖον
539 2942 611 2996 οὕτω
623 2945 688 3012 γενέ
729 2961 756 2996 αι
769 2943 858 3012 φασὶν,
871 2943 908 3002 ὡς
919 2941 964 2994 καλ
975 2944 1030 2994 τῶν
1043 2940 1213 2994 καταπλεόν-

209 3030 260 3066 τονν
287 3011 420 3065 ἁπάντων
445 3010 480 3063 τὰ
503 3010 600 3077 βιβλία
623 3012 750 3064 κελεῦσαι
775 3013 846 3082 πρὸς
863 3011 947 3063 αὐτὸν
966 3010 1143 3074 κομίζεσθαι,
1167 3009 1213 3061 καλ

207 3084 295 3135 ταῦτα
312 3080 353 3140 εἰς
375 3079 484 3138 καινοὺς
498 3080 608 3150 χάρτας
623 3080 786 3149 γράφοντα,
809 3080 911 3132 διδόναι
933 3078 983 3142 μὲν
1008 3078 1043 3130 τὰ
1065 3076 1213 3147 γραφέντα

207 3151 263 3210 τοῖς
284 3146 440 3209 δέσπόταις,
460 3146 498 3199 ὧν
516 3148 764 3202 καταπλευσάντων
784 3148 967 3218 ἐκομίσθησαν
986 3147 1014 3199 ai
1030 3146 1124 3213 βίβλοι
1141 3146 1215 3213 πρὸς

208 3218 301 3283 αὐτὸν,
321 3216 364 3277 εἰς
382 3216 413 3267 δὲ
430 3215 478 3274 τὰς
517 3233 526 3267 ι
547 3215 675 3287 λιοιλήιιας
699 3217 884 3272 ἀποτίθεσθαι
908 3215 943 3268 τὰ
960 3216 1143 3280 κομισθέντα,
1167 3215 1211 3266 καὶ

208 3285 278 3340 εἶναι
297 3284 348 3344 τὰς
365 3284 485 3353 ἐπιγραφ
504 3302 517 3344 ς
535 3283 638 3350 αὐτοῖς,
659 3280 729 3336 ΤΩΝ
737 3281 787 3337 ΕΚ
803 3281 943 3343 ΠΛΟΙΩΝ.
967 3281 1009 3336 Ἓν
1029 3284 1060 3336 δέ
1078 3302 1103 3336 τι
1121 3285 1211 3334 τοιοῦ-

207 3355 251 3408 τόν
272 3371 359 3424 φασιν
380 3353 546 3422 εὑρεθῆναι,
570 3354 614 3405 καλ
633 3354 665 3405 τὸ
682 3351 775 3421 τρίτον
794 3355 849 3405 τῶν
869 3351 922 3406 Ἐπι
957 3356 1025 3416 μιῶν
1045 3352 1121 3419 &aare
1139 3367 1212 3419 μοιμ-

206 3424 289 3486 μένον
334 3415 407 3474 ΤΩΝ
422 3416 472 3472 ΕΚ
488 3417 637 3485 boclam,
656 3417 744 3474 ΚΑΤΑ
763 3417 942 3475 ΔΙθΡθΩΤΗ
981 3417 1103 3474 ΜΕΜΝΟ
1130 3418 1149 3472 Α
1169 3416 1214 3470 ΣΙ-

207 3461 339 3570 linuit,
356 3486 411 3543 Sed
429 3487 559 3568 legendus
576 3495 626 3570 est·
635 3495 708 3544 totus
720 3488 804 3569 loeus,
816 3489 850 3569 ‘in
861 3489 1000 3568 primisea
1012 3503 1082 3567 quae
1093 3502 1210 3566 sequun-

204 3556 397 3682 guli-,mpfflg
414 3562 628 3694 Ειιοιΐιὴἐὲιῗιιὲιηνιιτ
656 3559 729 3640 dootn
754 3558 892 3626 pleraque,
919 3573 966 3626 qun
992 3557 1025 3611 de
1048 3554 1211 3609 brbhotheca

242 3642 258 3682 θ
582 3668 587 3679 .

204 3794 222 3849 p
248 3708 404 3834 X{hvide
426 3709 578 3766 Villoisonii
602 3709 785 3765 eruditissima
808 3710 1002 3778 Prolegomena
1027 3706 1061 3762 ad
1084 3706 1114 3760 Il.
1139 3721 1214 3760 suam
