3034 4434
741 529 921 588 —1'16-

333 685 415 744 culus
438 685 478 744 sit
502 698 540 742 au
564 681 678 742 dativus
698 684 884 758 pronominis,
904 702 942 745 er
960 686 1023 746 sola
1041 686 1230 746 inclinatione
1249 685 1337 745 intel-

331 762 440 835 ligitur.
479 759 545 819 Vid.
575 761 699 835 exempli
728 777 817 818 causa
845 753 916 820 ἔσαν
946 761 976 818 ol
1003 760 1102 820 πέπλοι
1133 762 1189 821 Od.
1219 771 1334 823 o.105.

335 839 423 898 etiam
441 837 476 896 11.
493 843 584 915 2146
605 832 694 914 εἴπώρ
714 835 743 894 οἱ
761 844 794 896 ut
810 830 907 915 Ἄνὸρά
922 859 973 916 μοι
992 834 1092 898 ἔννεπε
1111 875 1148 884 -
1170 835 1242 896 ἄλλό
1261 859 1296 898 τι.

810 1051 855 1125 ΙΙ.

248 1285 251 1290 Ι
331 1190 401 1277 Iam
416 1213 471 1284 his,
486 1229 560 1284 quae
576 1213 715 1273 hactenus
732 1214 877 1288 disputavi
893 1214 930 1274 de
944 1213 1197 1286 mutationibusss)
1208 1220 1238 1274 et
1251 1214 1333 1273 vicis·

333 1289 505 1351 situdinibus
532 1295 628 1348 textus
648 1291 804 1362 Homerici,
830 1291 924 1363 deque
944 1290 1071 1351 fontibus
1092 1294 1238 1350 variarum
1259 1291 1335 1362 ejus·

330 1383 389 1443 que
407 1365 619 1440 lectionumlll,
646 1369 694 1425 via
719 1367 868 1442 patefacta
894 1367 1010 1427 videtur
1033 1367 1071 1426 ad
1096 1369 1220 1428 alterurn
1246 1374 1334 1442 caput

331 1445 417 1517 htu'us
438 1444 656 1516 disquisitione,
676 1445 705 1502 in
725 1462 782 1517 quo
801 1445 889 1516 hujus
909 1444 1082 1503 emendandi
1094 1446 1209 1518 generis
1222 1461 1335 1503 summa

224 1560 229 1567 -
331 1529 362 1583 et
385 1518 545 1596 potiora²⁸l
581 1527 739 1595 praecepta
771 1528 802 1581 et
836 1522 968 1595 exempla
998 1538 1165 1594 proponam.
1214 1521 1335 1579 Etenim

329 1607 410 1659 recte
430 1604 475 1657 est
494 1613 512 1655 a
531 1597 660 1671 pluribus
674 1596 956 1671 animadversum29),
977 1599 1096 1657 criticae
1109 1598 1181 1657 artis
1189 1599 1334 1658 rationem

330 1677 503 1749 scriptorum
532 1675 675 1732 varietate
710 1675 891 1747 ingeniorum
922 1681 952 1734 et
980 1676 1182 1747 materiarum,
1211 1675 1243 1732 in
1273 1676 1334 1746 qui·

330 1752 385 1813 bus
422 1751 568 1823 elaboret,
602 1751 694 1824 ipsam
730 1768 844 1824 quoque
874 1752 981 1810 variari
1009 1767 1102 1823 neque
1136 1751 1240 1810 eadem
1277 1750 1333 1811 lor-

330 1831 408 1890 mula
431 1827 539 1886 includi
563 1844 658 1900 posse.
698 1828 732 1886 Id
759 1831 785 1887 si
805 1846 904 1887 verum
925 1827 1019 1887 estin
1038 1829 1233 1901 posteriorum
1255 1834 1333 1887 aeta-

331 1912 392 1966 tum
421 1904 609 1976 scriptoribus
636 1910 743 1976 quanto
773 1906 866 1976 magis
897 1905 927 1962 id
959 1903 1045 1963 cadet
1061 1905 1091 1962 in
1110 1905 1222 1978 priscos
1242 1911 1331 1976 vates,

331 1999 402 2055 quos
427 1982 489 2039 sola
513 1978 628 2043 tortura
655 1997 708 2038 sua
733 1987 764 2039 et
789 1982 945 2054 propagati
971 1987 1067 2040 textus
1090 1979 1238 2051 modus⁸⁰)
1264 1982 1328 2039 isto

330 2076 393 2116 rum
414 2057 618 2114 dissimillimos
639 2054 721 2115 facit!
742 2057 891 2115 Hactenus
905 2058 1024 2117 Homeri
1044 2056 1188 2129 similis³¹)
1209 2062 1258 2116 est
1276 2055 1329 2116 ior-

331 2140 402 2193 tuna
420 2132 579 2191 Bibliorum
598 2138 770 2205 nostrorum,
790 2135 912 2192 maxime
932 2134 1133 2206 Iudaicorum,
1154 2134 1209 2192 etsi
1230 2135 1331 2195 horum

331 2211 460 2269 criticam
479 2209 630 2268 historiam
655 2209 728 2268 mire
752 2209 959 2280 obscuravit³²)
978 2210 1118 2270 librorum
1144 2210 1265 2270 Masora
1283 2227 1333 2268 an·

330 2287 487 2359 tiquiorum
512 2286 562 2357 qui
582 2285 620 2345 ad
640 2302 704 2345 eam
723 2288 916 2360 pertinerent,
938 2287 1057 2359 iactura
1075 2286 1221 2358 huiusque
1241 2287 1332 2360 ipsius

330 2362 485 2436 farraginis
495 2361 532 2434 ³³)
563 2363 645 2423 ratio.
693 2362 751 2422 Sed
776 2370 809 2422 ut
833 2364 1015 2435 conjecturas
1039 2364 1151 2421 mittam
1176 2363 1212 2420 de
1238 2363 1333 2437 prima

332 2458 430 2501 eorum
455 2439 548 2500 torma
572 2441 671 2513 paullo
698 2440 868 2500 audaciores
889 2447 919 2498 et
937 2439 1048 2498 levibus
1069 2439 1247 2512 argumentis
1267 2456 1333 2513 pro

331 2518 415 2579 butas
435 2534 492 2577 non
512 2517 701 2577 dubitandum
721 2523 818 2576 tamen
838 2524 918 2591 puto,
939 2517 1008 2588 quin
1021 2517 1121 2589 plures
1140 2522 1240 2589 partes
1254 2516 1331 2574 illius

331 2593 469 2670 operislb
497 2596 664 2654 nominatim
688 2594 904 2653 Pentateuchus
931 2591 1104 2664 seorsum⁸⁵)
1124 2593 1247 2666 primum
1271 2593 1334 2655 rul-

332 2679 419 2745 gatae
449 2673 507 2730 sint
537 2679 567 2730 et
596 2688 684 2743 quum
716 2670 821 2730 deinde
845 2672 921 2730 aliae
946 2670 1011 2728 aliis
1035 2669 1181 2728 subnexae
1208 2669 1333 2741 novique

333 2748 468 2821 deinceps
493 2748 561 2807 libri
587 2747 680 2807 additi
707 2748 804 2823 [atque
828 2748 858 2806 in
885 2763 968 2806 sacro
988 2747 1051 2806 loco
1069 2744 1204 2881 repositig
1225 2752 1332 2818 essent,

333 2831 436 2898 sponte
472 2824 614 2898 prodierit
651 2841 755 2898 corpus
793 2823 938 2896 quoddam
977 2830 1008 2882 et
1039 2823 1120 2882 velot
1155 2821 1186 2882 bi
1206 2822 1333 2882 liotbeca

333 2917 424 2959 sacra.
457 2900 614 2973 Postquam
634 2907 731 2961 autern
750 2902 874 2975 populus
895 2917 931 2959 ex
943 2899 1119 2973 Babylonico
1140 2899 1226 2958 exilio
1240 2898 1333 2958 redux

335 2976 372 3035 de
391 2977 513 3051 publicis
533 2979 579 3037 vel
599 2979 689 3038 sacris
709 2978 770 3036 suis
788 2977 919 3050 reliquiis
940 2975 1079 3050 aptius³⁶l
1099 2974 1268 3034 ordinandis
1287 2992 1332 3034 co-

336 3053 456 3126 gitabat,
486 3056 546 3114 sive
566 3055 678 3114 Esdras
708 3055 768 3113 sive
798 3055 862 3126 quis
891 3054 965 3113 alius
995 3052 1059 3124 ejus
1084 3052 1129 3110 rei
1147 3056 1250 3111 auctor
1269 3050 1331 3118 fuit,

329 3130 391 3202 jam
419 3135 482 3187 tum
509 3132 580 3190 nibil
610 3132 690 3192 alind
720 3147 806 3203 quarn
835 3129 958 3190 obscura
982 3127 1059 3189 fama
1083 3133 1234 3188 auctorum
1259 3129 1333 3188 cele

332 3205 418 3266 brata
445 3222 508 3266 esse
539 3207 654 3268 videtur
683 3223 757 3280 quae
787 3205 893 3266 deinde
922 3204 1002 3266 facta
1032 3205 1142 3279 sylloge
1171 3206 1266 3278 magis
1290 3205 1333 3262 in·

334 3281 477 3354 valuitffl).
499 3282 703 3345 Collectionem
723 3285 799 3343 eninr
818 3284 893 3343 hanc
912 3282 948 3342 de
969 3282 1113 3341 industria
1131 3279 1239 3341 factam
1259 3296 1332 3352 esse,

401 3470 437 3540 ²⁶)
450 3466 675 3526 conversionibus.
778 3470 1029 3539 ll>scripturarum
1132 3466 1169 3533 ²⁸)
1184 3465 1333 3534 pcbsdnm

332 3542 369 3621 29)
390 3538 562 3594 admonitum.
671 3539 707 3604 30)
728 3538 806 3594 ratio.
915 3538 952 3606 ³1)
982 3536 1028 3591 vix
1051 3534 1197 3614 quidquam
1243 3540 1334 3587 raeter

332 3608 429 3664 Brblia.
530 3605 566 3675 3θ)
585 3605 739 3674 superstitio
758 3610 793 3659 et.
895 3607 931 3676 ³³)
947 3603 1121 3661 collectionis.
1249 3601 1333 3670 >col-

333 3677 463 3732 lectionis
570 3674 607 3742 ³⁵)
632 3672 822 3742 particulatim.
934 3675 970 3742 ³⁶)
992 3671 1095 3728 melius.
1197 3671 1235 3738 ³⁷)
1260 3668 1334 3724 lacta

333 3745 490 3801 collectione
506 3741 584 3798 firma
600 3740 659 3796 fieri
677 3741 774 3810 coepit.
