3034 4434
733 544 847 603 -174
878 574 913 585 -

327 701 425 758 matici
455 698 650 757 recensionem
679 696 964 769 repraesentaretw).
1013 696 1068 754 Vel
1092 696 1213 768 pessimi
1240 702 1270 754 et
1289 713 1327 755 ex

325 775 457 850 pessimis
477 775 614 847 exemplis
635 773 714 832 ducti
726 773 870 832 interdum
884 774 1065 846 praeclaram
1078 779 1108 831 et
1121 773 1270 844 antiquam
1284 774 1326 832 le-

326 855 449 912 ctionem
463 852 595 922 afferunt,
614 851 682 909 boni
696 856 805 922 contra,
819 852 904 909 immo
918 850 1018 923 optimi
1032 849 1158 907 admista
1171 851 1325 922 aliquoties

326 929 433 988 habeut
453 927 606 986 deteriora
640 927 705 986 Non
724 929 826 998 loquor
841 928 877 986 de
890 927 1002 985 mendis
1015 927 1118 984 calami
1132 927 1237 997 quibus
1251 929 1326 1000 opti·

324 1022 388 1064 mae
408 1005 591 1063 recensiones
611 1002 765 1063 deformari
786 1004 936 1076 solent¹1):
977 1020 1035 1075 qua
1053 1005 1083 1060 in
1102 1019 1136 1061 re
1150 1004 1327 1075 singularem

325 1081 466 1141 fortunam
487 1080 607 1140 obiisset
627 1080 697 1140 Ood.
717 1081 855 1152 Venetus,
875 1083 899 1138 si
935 1113 968 1122 —
1007 1079 1087 1151 quod
1105 1085 1205 1138 tamen
1225 1087 1328 1153 optan-

328 1159 395 1217 dum
414 1157 518 1216 fuisset
538 1191 572 1200 —
594 1174 694 1231 presse
714 1159 938 1231 simpliciterque
958 1158 1034 1230 typis
1055 1158 1219 1229 exscriptus
1240 1163 1327 1216 esset.

324 1233 370 1294 De
390 1235 604 1296 recensionihus
625 1236 771 1306 loquor...
811 1235 871 1293 Eas
892 1236 977 1307 plane
999 1231 1132 1292 confusas
1152 1234 1327 1292 haberemus

325 1313 382 1370 nisi
401 1312 515 1371 Scholia
536 1312 721 1370 subvenirent
740 1312 770 1368 in
790 1311 895 1370 talibus
915 1312 993 1370 locis

403 1389 449 1446 Ex
468 1389 512 1446 his
533 1388 662 1446 omnibus
683 1386 809 1447 fontibus
829 1389 953 1447 omnium
973 1387 1035 1446 fere
1053 1389 1235 1447 saeculorum
1257 1388 1326 1446 duc-

327 1471 376 1524 tae
401 1467 561 1539 scripturae
588 1466 738 1522 materiem
762 1463 871 1523 faciunt
889 1471 986 1523 textus
1005 1467 1043 1525 ad
1060 1472 1190 1522 veterum
1202 1463 1241 1536 12)
1260 1482 1325 1524 uor-

326 1559 402 1600 mam
427 1541 610 1600 restituendi.
655 1542 689 1600 In
715 1558 771 1613 quo
797 1543 839 1600 ita
864 1543 974 1599 versari
998 1548 1128 1617 oportet,
1157 1548 1205 1614 nt,
1229 1541 1326 1612 quoad

327 1619 390 1690 ejus
409 1618 472 1677 fieri
491 1624 600 1692 potest,
626 1619 734 1676 nullum
763 1618 881 1676 verbum
901 1618 1051 1692 admittas,
1077 1619 1153 1691 quod
1173 1635 1232 1677 non
1252 1619 1327 1678 bono

326 1702 401 1755 teste
421 1697 467 1753 vel
488 1702 607 1754 auctore
627 1694 745 1768 probari
765 1701 860 1766 queat.
892 1695 933 1753 Et
951 1696 980 1753 in
1000 1697 1097 1754 multis
1118 1695 1236 1767 quidem
1256 1696 1326 1754 locis

326 1774 401 1832 hanc
426 1789 517 1846 prope
542 1772 756 1845 diplomaticam
782 1771 868 1830 fidem
892 1774 978 1845 plane
998 1773 1113 1844 assequi
1132 1773 1210 1830 licet.
1251 1774 1325 1830 Nam

327 1856 445 1908 utrem
470 1867 527 1908 uno
553 1849 676 1921 quodam
701 1850 831 1922 exemplo
859 1848 1065 1922 demonstrem,
1098 1849 1219 1906 Iliadem
1247 1848 1325 1922 apud

326 1933 440 1986 veteres
460 1943 478 1983 a
498 1941 567 1983 voce
588 1923 674 2002 Μῆνιν
693 1926 845 1998 incepisse,
865 1927 936 1984 satis
957 1927 1061 1985 docent
1079 1926 1200 1998 Apionis
1220 1927 1260 1994 (v.
1275 1926 1326 1984 Se·

327 2019 389 2062 nec.
410 2002 466 2075 Ep.
486 2001 551 2059 Lib.
571 2002 656 2071 XIII,
676 2009 693 2060 3
715 2007 777 2072 (88)
797 2005 847 2070 40)
867 2009 898 2061 et
917 2004 1053 2075 aliorum,
1069 2005 1150 2075 iquos
1169 2002 1248 2061 ridet
1267 2001 1325 2061 Lu·

327 2081 427 2137 cianus
449 2078 527 2147 (Ver.
549 2077 627 2136 Hist.
647 2078 676 2135 11
694 2096 722 2150 p.
739 2083 807 2146 116)
826 2080 961 2152 ineptiae.
994 2079 1064 2140 Mox
1083 2079 1223 2138 vocabula
1243 2075 1325 2135 ἄειδε

326 2162 357 2214 et
369 2150 521 2231 οὐλομένην
540 2155 628 2212 etiam
648 2156 838 2225 antiquiorem
858 2157 1059 2215 auctoritatem
1077 2157 1194 2227 habent,
1219 2155 1323 2214 Prota·

327 2247 415 2304 gorae
435 2230 513 2303 apud
532 2231 721 2290 Aristotelem
742 2231 835 2301 (Poet.
850 2249 912 2306 cap.
929 2241 964 2292 19
978 2233 1003 2310 5.
1019 2239 1058 2302 8).
1091 2233 1156 2291 Duo
1177 2239 1325 2305 postrema

328 2309 412 2382 primi
432 2325 532 2366 versus
550 2307 680 2376 verbali)
703 2315 732 2366 et
751 2310 815 2382 ipsa
829 2311 899 2367 satis
914 2310 1097 2381 [indicandae
1106 2308 1155 2381 14)]
1166 2309 1324 2367 testimonii

328 2384 435 2444 habent
455 2401 490 2443 ex
509 2390 608 2443 vetere
627 2386 775 2444 notatione
795 2385 981 2459 difficultatis,
1002 2403 1087 2458 quam
1106 2392 1216 2444 temere
1236 2385 1325 2457 finge-

328 2463 406 2534 bant,
425 2462 577 2532 metricae3
598 2469 732 2534 totusque
752 2463 926 2535 syllabarum
945 2465 975 2521 in
994 2464 1049 2522 hoc
1063 2479 1147 2520 versu
1160 2462 1229 2520 olim
1241 2468 1324 2520 nota-

328 2545 375 2597 tus
394 2555 529 2597 numerus
549 2540 636 2597 etiam
650 2539 756 2597 nomini
770 2537 827 2595 θεά
839 2541 1040 2598 auctoritatem
1054 2540 1146 2607 daret,
1167 2539 1192 2596 si
1206 2538 1324 2597 aliunde

329 2632 385 2674 non
409 2622 490 2674 certa
516 2621 602 2673 esset.
649 2616 707 2675 Sed
732 2632 820 2687 quum
845 2613 948 2673 Μοῦσα
972 2617 1033 2674 eins
1058 2618 1122 2676 loco
1145 2631 1203 2673 nou
1222 2632 1325 2674 couve-

330 2695 405 2763 niat,
435 2693 582 2763 vulgatum
608 2693 679 2750 illud
704 2694 769 2765 ipsa
791 2709 838 2750 res
858 2694 929 2750 satis
953 2692 1056 2751 firmat.
1100 2692 1202 2762 Neque
1225 2692 1326 2751 hacte-

330 2785 384 2825 nus
410 2768 440 2824 in
464 2769 519 2826 hac
545 2771 742 2842 exploratione
752 2769 790 2840 15)
815 2770 921 2827 veteris
946 2768 1014 2828 fidei
1039 2770 1217 2829 scholiastae
1240 2769 1325 2828 nobis

327 2844 524 2915 interrogandi
549 2844 673 2904 tuerent.
718 2846 765 2904 Ex
789 2846 834 2904 his
859 2862 927 2904 vero
951 2846 1103 2918 discimus,
1123 2846 1216 2905 altero
1237 2862 1324 2904 versu

327 2921 530 2979 nominativum
550 2917 567 2999 ἣ
586 2923 728 2981 nonnullis
753 2923 948 2996 displicuisse,
979 2939 1086 2995 eosque
1109 2922 1246 2980 maluisse
1273 2923 1326 2982 da·

330 2998 420 3054 tivum
430 2996 466 3068 16)
489 2991 513 3078 ᾖ
535 3006 567 3058 ut
588 3000 674 3057 etiam
701 3002 889 3071 grammatica
911 3000 987 3059 ratio
1011 3016 1073 3058 rem
1092 2999 1229 3072 proximis
1260 3016 1331 3081 ver-0

332 3072 377 3131 bis
413 3080 575 3133 contentam
610 3075 648 3133 ad
676 3075 817 3134 Achillem
847 3078 941 3150 ipsum
969 3075 1100 3135 referret
1149 3075 1231 3147 Quae
1261 3092 1325 3135 cor-

332 3149 424 3208 rectio
444 3167 480 3207 an
500 3153 640 3211 vetustior
659 3153 744 3210 lectio
764 3153 968 3226 praestabilior
987 3154 1038 3224 sit,
1065 3170 1100 3211 ex
1125 3152 1244 3222 antiquo
1270 3169 1326 3210 usu

335 3228 475 3284 sermonis
496 3235 525 3285 et
545 3229 764 3287 conformandae
784 3231 943 3289 sententiae
960 3229 1147 3301 judicandum
1161 3234 1215 3286 est.
1248 3229 1325 3287 Nam

333 3303 505 3374 conjecturis
532 3310 610 3363 certe
637 3323 693 3365 non
720 3306 848 3365 deterior
871 3312 966 3365 textus
990 3306 1155 3365 reddendus
1181 3310 1240 3377 est,
1273 3307 1325 3377 qni

330 3396 366 3437 ne
384 3379 573 3453 probabiliter
593 3383 707 3452 quidem
727 3385 769 3440 ita
782 3384 843 3441 sinc
859 3383 969 3442 idoneis
983 3385 1077 3442 causis
1090 3382 1244 3440 mutandus
1265 3388 1321 3440 est.

396 3560 432 3624 1⁰)
444 3557 545 3610 sedicet
563 3572 596 3610 ex
614 3561 638 3611 3.
657 3562 685 3609 et
702 3564 726 3613 5.
744 3558 851 3611 saeculo
869 3575 895 3626 p.
913 3558 961 3612 ch.
1064 3561 1099 3625 11)
1110 3559 1324 3626 optimareoen·

330 3625 368 3680 sio
387 3626 531 3679 deformari
546 3633 644 3693 potest.
746 3626 781 3694 11)
800 3626 942 3695 antiquam.
1044 3628 1080 3689 1³)
1097 3626 1234 3682 vocabula

329 3696 365 3760 1⁴)
381 3694 509 3762 probatos
526 3698 609 3748 testes
626 3692 734 3761 habent,
750 3695 858 3760 ineptos
874 3695 1088 3763 reprehensores.
1175 3698 1226 3766 ·1⁵)
1239 3710 1323 3765 expc-

330 3761 438 3816 ditione.
540 3764 576 3830 ¹⁶)
594 3769 795 3830 correctumque
813 3777 872 3816 esse
890 3765 936 3832 qui
952 3763 1070 3816 mallent.
