3034 4434
724 544 902 599 ..40-

755 725 880 803 XVII.

391 865 448 925 Sed
468 865 540 924 baec
560 864 626 937 ipsa
648 863 773 936 vestigia
792 863 932 923 historiae
953 868 1087 936 arguunt,
1107 863 1186 921 inter
1199 862 1251 920 illa
1262 878 1313 936 pn·

312 943 382 1004 blici
391 959 460 1001 usus
471 941 555 998 initia
567 946 597 999 et
607 940 758 1012 vulgarem
769 938 1315 1000 consuetndmemsoribendilibrorum-

314 1036 369 1094 qne
389 1016 627 1079 conficiendorum
656 1033 754 1075 curam
774 1017 865 1076 multo
884 1016 1013 1090 longius,
1039 1032 1124 1088 quarn
1144 1030 1221 1074 nunc
1241 1016 1317 1088 quis·

313 1113 399 1170 quam
419 1095 573 1167 existimet,
593 1094 777 1153 intervallum
796 1095 979 1153 interiectum
998 1090 1097 1151 luisse.
1126 1091 1183 1151 Hic
1194 1091 1317 1166 primum

312 1173 428 1233 maximi
447 1171 583 1231 momenti
604 1176 658 1243 est,
678 1169 756 1243 quod
775 1171 884 1229 nullum
896 1186 1019 1244 usquam
1031 1170 1196 1228 litterarum
1210 1185 1249 1228 ex
1261 1169 1316 1227 isto

314 1265 422 1323 genere
445 1254 660 1308 monumentum
685 1253 926 1313 commemoratur
943 1246 1089 1321 Lycurgei
1113 1251 1165 1305 aut
1185 1247 1315 1319 proxime

314 1326 492 1399 insequentis
513 1326 586 1396 aevI,
611 1341 669 1384 non
689 1324 822 1398 epistola,
846 1341 904 1384 non
922 1330 1035 1397 poema,
1062 1340 1119 1383 non
1138 1322 1214 1381 liber
1232 1322 1317 1394 ullus,

314 1404 396 1462 cuins
411 1402 571 1476 exemplum
585 1401 632 1460 vel
645 1407 725 1460 certe
738 1401 845 1461 notitia
859 1401 982 1475 exempli
993 1401 1031 1459 ad
1044 1400 1223 1474 posteriores
1238 1404 1318 1459 aeta·

313 1487 359 1539 tes
378 1479 552 1553 pervenerit.
591 1478 656 1537 Nisi
676 1476 752 1538 forte
771 1476 896 1551 fabulas,
917 1475 1077 1550 dequibus
1098 1475 1124 1553 ᾗ.
1145 1476 1227 1535 ΧΠΙ.
1249 1475 1318 1548 dixi,

314 1556 416 1615 audire
435 1557 574 1628 volumus,
596 1570 702 1626 cosque
722 1556 889 1628 scriptores,
921 1555 971 1627 qni
988 1555 1100 1628 priscas
1119 1568 1168 1611 res
1190 1553 1228 1612 ad
1249 1569 1318 1612 suas

314 1632 535 1694 consuetudines
546 1636 634 1704 atque
643 1631 793 1690 libidinem
802 1629 921 1705 fingunt,
932 1647 1053 1704 quorum
1064 1631 1152 1689 etiam
1162 1631 1318 1689 innumero

224 1777 227 1784 ,
314 1715 388 1783 sunt,
408 1710 457 1782 qni
473 1727 525 1768 suo
542 1725 574 1768 se
594 1708 691 1782 gladIo
712 1708 899 1781 ingncntw).
924 1709 965 1768 At
983 1707 1052 1780 quid
1070 1707 1214 1780 privatam
1228 1707 1318 1780 scrip

276 1803 300 1843 ar
314 1792 410 1846 turam
424 1783 636 1858 quaerimusis
651 1784 841 1858 temporibus,
856 1785 959 1858 quibus
969 1785 999 1843 in
1013 1800 1122 1844 summo
1132 1783 1230 1844 studio
1241 1783 1319 1843 ordi-

315 1864 476 1923 nandarum
489 1863 636 1920 civitatum
650 1877 687 1919 ne
701 1861 784 1934 leges
798 1862 915 1934 quidem
928 1861 1058 1920 videmus
1071 1861 1178 1920 lItteris
1191 1862 1319 1934 promul·

313 1940 419 2014 gatae?
439 1939 485 1997 De
505 1938 635 1997 omnibus
654 1938 820 1997 nationibus
835 1939 976 1998 Graeciae
995 1938 1107 2011 loquor,
1126 1953 1184 1997 non
1205 1937 1318 2011 excipio

313 2016 412 2084 Iones3
440 2013 476 2072 de
503 2014 606 2086 quibus
632 2014 702 2072 mihi
727 2030 781 2087 pro
811 2017 986 2075 auctoritate
1010 2013 1174 2074 habendum
1200 2014 1319 2073 videtur

314 2091 459 2150 silentium
480 2106 594 2163 eorum,
620 2090 669 2162 qui
689 2095 804 2149 veteres
824 2092 922 2165 legum
942 2093 1050 2152 latores
1070 2106 1160 2164 saepe
1182 2096 1319 2150 scemate

314 2173 491 2239 enumerant,
512 2166 642 2225 omnibus
656 2168 686 2226 in
700 2167 830 2226 ordinem
844 2170 980 2242 receptis,
1001 2169 1105 2241 quibus
1119 2168 1319 2240 quovismodo

314 2245 399 2303 huius
419 2244 541 2302 nominIs
561 2243 654 2302 honor
672 2243 859 2303 tribueretur.
898 2246 1011 2320 Nempe
1030 2245 1074 2303 illi
1093 2250 1138 2304 tot
1158 2245 1319 2318 scriptores

314 2322 465 2393 utriusque
478 2321 595 2392 linguae
609 2321 635 2378 si
648 2321 677 2378 in
690 2320 903 2381 Aristotelis-et
915 2321 1109 2396 Theophrasti
1122 2322 1319 2381 celeberrimis

315 2398 383 2458 olim
402 2397 483 2457 libris
505 2403 535 2456 et
554 2397 814 2471 collectionibusll)
837 2400 960 2474 scriptas
978 2399 1096 2459 Ionibus
1112 2399 1159 2457 uel
1178 2397 1319 2461 Aeolion

314 2475 395 2549 leges
415 2475 561 2533 recenseri
580 2475 730 2543 vidissent,
751 2481 820 2534 ante
839 2476 985 2537 Pittacum
1003 2476 1116 2549 Olymp.
1129 2475 1264 2534 XLVIII.
1278 2475 1320 2534 la·

314 2559 370 2625 tas,
395 2568 479 2612 nemo
500 2552 680 2624 antiquitatis
701 2554 813 2626 peritus
833 2558 925 2626 putet,
954 2552 986 2611 id
1006 2569 1056 2613 eos
1075 2557 1158 2612 tanto
1177 2564 1319 2612 consensu

314 2630 544 2700 transmissuros,
558 2645 612 2686 nec
625 2645 699 2688 novo
712 2630 827 2688 nomine
841 2629 965 2688 indicem
975 2647 1058 2688 sunm
1071 2634 1207 2688 aucturus
1217 2626 1318 2688 inisse.

314 2705 360 2764 Ex
379 2722 436 2777 quo
456 2706 639 2777 intelligitur,
660 2721 697 2763 ea
715 2707 820 2776 omnia,
841 2721 916 2777 quae
935 2711 997 2764 tum
1015 2722 1069 2781 pro
1081 2704 1195 2778 legibus
1210 2711 1319 2777 essent,

316 2783 376 2840 sive
397 2780 484 2857 νόμοι,
506 2782 566 2838 sive
587 2778 700 2856 θεσμοί,
720 2781 781 2839 sive
797 2779 903 2861 ῥῆτραι
924 2783 1109 2855 vocabuntur,
1136 2783 1167 2841 in
1185 2783 1269 2843 Ionia
1290 2788 1319 2841 et

395 2939 432 3001 ³⁰)
457 2939 501 2992 lta
526 2935 640 3004 Gorgias
664 2944 840 3008 personatus,
866 2941 913 3009 qui
934 2940 1073 2995 Palamedi
1095 2939 1203 2994 inventa
1223 2939 1319 2994 tribuit

315 3007 479 3087 minuata,
504 3007 610 3076 μνήμης
626 3005 759 3074 ὄργανον,
784 3008 904 3063 eiusdem
929 3016 1019 3063 aetate
1038 3008 1122 3089 quasi·
1131 3008 1320 3076 pervulgatum

315 3088 394 3154 usum
416 3075 591 3143 eprstolarum
615 3081 746 3155 memorat
764 3093 791 3144 p.
812 3077 992 3158 194.,'ialsus
1015 3084 1096 3131 etrum
1114 3093 1143 3131 ιιι
1159 3077 1225 3156 hoc,
1246 3074 1319 3157 quod

316 3140 416 3196 rbrdem
434 3142 566 3197 Graecum
590 3157 650 3196 oum
670 3142 788 3200 Troiano
812 3162 869 3201 arne
893 3150 1040 3268 intergrcte
1065 3145 1182 3214 colloqui
1198 3152 1319 3213 potnrsso

319 3217 409 3278 negat.
427 3211 499 3265 Istae
513 3210 536 3263 si
548 3208 591 3263 cui
605 3209 778 3268 satisfaciant
789 3214 906 3283 ineptIaa
928 3214 954 3267 ei
987 3213 1087 3267 vidium
1099 3219 1237 3268 auctorem
1246 3212 1319 3282 Epp.

314 3277 462 3332 Heroidum
480 3284 508 3331 et
524 3278 623 3331 multos
641 3278 709 3333 allos
728 3289 908 3337 commonstra
927 3299 943 3338 o
961 3283 1076 3337 maiores
1093 3289 1229 3362 patronos,
1250 3298 1317 3404 gno

316 3362 376 3399 rum
401 3352 490 3400 tamen
507 3345 597 3399 nullus
615 3351 670 3399 tam
689 3346 838 3405 honoratus
856 3356 910 3418 est,
935 3341 1015 3418 quam
1033 3348 1172 3404 Mutunus
1189 3354 1233 3404 ter
1273 3366 1318 3404 on·

314 3413 364 3481 sul,
382 3415 429 3482 qui
446 3413 607 3481 Sarpedonis
625 3414 766 3481 epistolam
785 3418 919 3487 quandam
937 3436 953 3473 a
971 3418 1054 3474 Troia
1071 3418 1198 3485 scriptam
1215 3417 1244 3471 in
1265 3418 1318 3488 Ly-

319 3482 361 3535 cIa
378 3482 436 3549 ipse
454 3483 565 3552 legerat,
584 3481 698 3536 mIrantc
715 3485 803 3540 Plinio
821 3487 898 3555 XIII,
920 3491 959 3542 13.

391 3569 427 3636 ³1)
450 3566 519 3622 Vide
543 3567 624 3623 Fabr.
642 3568 674 3623 B.
694 3569 739 3624 Gr.
758 3571 791 3625 L.
809 3563 858 3625 111.
879 3587 901 3625 c.
920 3575 944 3627 7.
983 3615 989 3625 .
1009 3574 1066 3626 194.
1085 3577 1112 3625 et
1129 3585 1152 3624 c.
1169 3574 1194 3625 9.
1212 3586 1239 3637 p.
1257 3573 1317 3624 251.

315 3636 415 3692 Omitto
434 3637 530 3691 similia
548 3651 631 3704 opera
649 3637 763 3692 allorum
781 3639 814 3693 de
833 3640 938 3708 legibus
956 3587 1066 3695 graecis
1084 3645 1112 3692 et
1124 3654 1215 3692 aarum
1228 3638 1318 3698 latori-

314 3704 378 3768 bus,
405 3706 492 3760 mInus
515 3705 639 3760 tritonum
663 3706 792 3776 lectione,
819 3714 949 3776 tanquam
972 3707 1143 3776 CallimachI,
1167 3705 1318 3761 Heraclidis

314 3773 429 3843 Pontici,
446 3775 589 3844 Hermippi
607 3780 659 3828 etc.
