3034 4434
644 563 822 620 -115—

234 718 278 777 Ne
303 719 420 777 matum
445 712 562 786 quidem
590 714 734 785 reliquum
763 711 901 774 habemus
933 731 969 775 ex
992 716 1077 776 Arati
1107 717 1234 778 editione

236 794 400 868 Odysseae,
427 791 476 850 eui
500 795 533 849 ut
556 790 650 849 Iliada
676 789 813 863 adderet,
843 795 1058 863 apletimomm
1076 796 1234 867 completis

234 871 398 941 liberatam,
417 868 556 928 iumtatus
577 867 684 926 dicitur
708 864 799 925 tuisse
824 884 842 926 a
861 884 932 942 rege
952 869 1067 946 Syriae,
1092 871 1234 933 Antiocho

234 945 391 1018 aeterra).
432 943 515 1018 Quod
535 960 622 1016 quum
642 943 750 1003 exitum
770 959 827 1004 non
846 944 1008 1019 habuisset,
1029 949 1055 1006 si
1073 948 1148 1008 bene
1168 964 1234 1008 cou-

233 1026 360 1096 ticinus,
386 1037 457 1081 eam
481 1037 599 1094 operam
625 1021 788 1095 suscepisse
812 1021 928 1081 videtur
951 1024 1095 1098 Rhiauus‚
1130 1024 1234 1086 nobilis
1247 1041 1286 1082 rso

236 1109 265 1162 et
290 1103 355 1175 ipse
380 1103 486 1173 poeta,
515 1099 595 1156 euius
621 1098 819 1157 recensionem
848 1099 931 1158 uobis
956 1117 1050 1173 pauca
1073 1101 1236 1176 fragmenta

239 1176 511 1239 desiderabiliorem
529 1174 697 1248 faciuntea,
729 1190 815 1247 quam
840 1176 979 1254 quidquid
998 1178 1029 1236 iu
1054 1179 1109 1238 boc
1128 1177 1235 1253 genere

233 1257 302 1316 lusit
320 1252 493 1328 Apollonius
512 1251 695 1324 Rhodium).

309 1332 352 1390 At
365 1328 466 1388 ‘tribus
486 1328 530 1387 his
551 1329 644 1402 poetis
664 1329 798 1402 superior
818 1334 916 1389 aetate
935 1329 990 1390 fuit
1003 1335 1158 1390 Zenodotao
1176 1333 1235 1405 ille,

236 1411 382 1483 aptatos,
403 1406 453 1478 qui
472 1406 628 1465 maioribus
648 1406 787 1465 librorum
807 1407 897 1479 copiis
917 1409 1084 1481 maioreque
1104 1409 1235 1481 audacia,

236 1502 321 1559 quam
343 1483 495 1557 quisquam
520 1488 636 1556 postea,
664 1482 701 1541 ad
720 1483 929 1542 recensendum
950 1487 1081 1544 accessit.
1120 1485 1166 1545 Ab
1185 1487 1252 1544 illo·

236 1564 272 1623 od
292 1565 427 1634 Apianae
452 1559 537 1618 huius
566 1559 706 1619 historiae
732 1563 837 1614 tertiam
855 1565 998 1632 pen'oaum
1018 1562 1236 1633 constituimus3

235 1642 343 1713 inqua
363 1636 478 1696 demum
500 1635 671 1695 (triticorum
696 1642 726 1695 et
746 1635 1006 1696 Grammaticorum
1031 1639 1160 1712 meritis,
1187 1639 1237 1710 qui

235 1717 389 1790 angorum
401 1712 494 1773 ,modo
513 1711 708 1772 Alexandriae
729 1717 759 1771 et
778 1713 913 1785 Pergami
927 1714 1155 1789 succrescebant,
1175 1734 1237 1771 ooa-

235 1796 353 1850 otana‘or
366 1795 465 1862 forma
486 1799 571 1845 tratas
590 1789 710 1848 inducta
730 1796 783 1848 est.
823 1790 883 1848 Iam
896 1792 993 1849 multis
1013 1791 1100 1850 rebus
1120 1792 1239 1870 penitus

236 1884 376 1932 conversa
396 1871 461 1935 erat
478 1864 569 1925 facies
583 1866 761 1925 Graecarum
779 1868 951 1941 litterarum,
971 1869 1015 1926 uti
1027 1869 1155 1942 ipsarum
1168 1868 1237 1927 eivi-

238 1953 340 2008 tatum.
381 1943 440 2002 Pro
466 1941 550 2015 loris,
576 1960 629 2018 pro
653 1944 773 2017 pulpitis
799 1949 829 2003 et
853 1946 947 2003 scenis
972 1951 1002 2004 et
1021 1945 1238 2006 celebritatibus
1252 1962 1289 2002 ros

303 2125 340 2195 ⁵⁶)
358 2123 414 2179 Res
432 2140 450 2178 a
468 2123 573 2176 nemine
591 2123 734 2192 attingitur
750 2129 860 2192 praeter
876 2125 985 2181 Suidam
1003 2127 1035 2180 T.
1054 2126 1075 2181 I.
1093 2143 1121 2195 p.
1133 2131 1194 2183 309.
1212 2131 1240 2180 et

241 2200 378 2250 auctorem
396 2198 451 2246 vet.
485 2190 566 2245 Vitae
584 2191 663 2244 Arati
681 2192 707 2245 iu
726 2191 830 2246 Patavii
848 2193 956 2249 Uranol,
975 2211 1002 2262 p.
1020 2197 1079 2250 270.
1097 2197 1130 2251 A.
1147 2197 1240 2251 Poste·

240 2264 302 2317 riori
321 2267 415 2316 tamen
433 2259 544 2314 admove
563 2259 642 2313 aliam
660 2267 712 2313 vet.
730 2259 821 2314 Vitam
839 2261 995 2317 inEruestii
1006 2262 1168 2318 Callimacho
1186 2263 1240 2331 pri·

241 2348 311 2386 mum
330 2330 376 2383 vul
396 2335 467 2383 atam
486 2329 516 2382 Τ,
531 2328 552 2382 I.
572 2343 598 2396 p.
611 2331 669 2383 591.
706 2327 811 2383 Ubicun
831 2345 865 2383 ue
883 2333 997 2385 Aratum
1014 2330 1125 2384 laudaut
1143 2330 1240 2385 Scholl.

242 2407 268 2454 et
285 2399 388 2454 Eustat
407 2398 457 2464 ius,
474 2396 600 2518 ahleffiaut
618 2412 666 2450 uos
684 2394 718 2450 ad
735 2404 801 2476 uota
812 2346 947 2453 ssoemata.
984 2398 1036 2452 Sed
1054 2399 1171 2453 notabile
1190 2405 1240 2459 est,

244 2468 314 2537 quod
333 2467 387 2520 iam
406 2475 463 2519 tum
482 2466 540 2520 droe
560 2472 622 2518 atur
632 2466 805 2519 Homericum
816 2466 930 2519 Carmen
948 2467 1162 2532 λελυμάνθαι
1180 2467 1240 2520 ὑπὸ

241 2536 389 2598 πολλῶν,
408 2550 491 2602 quum
507 2533 553 2586 vix
570 2533 640 2586 ullus
658 2534 826 2600 criticorum,
844 2541 958 2602 excepto
966 2535 1112 2600 Zenodoto,
1131 2534 1166 2588 ad
1183 2549 1241 2588 eor-

242 2602 420 2673 rumpeudum
446 2600 479 2655 de
502 2601 635 2655 industria
656 2602 832 2669 prosiluisset.
867 2602 957 2656 Etiam
976 2603 1026 2656 hoc
1044 2601 1183 2657 confirmat
1200 2617 1241 2669 ea,

243 2688 311 2742 quae
331 2672 457 2739 superius
475 2670 531 2724 dixi
549 2669 581 2724 de
599 2669 740 2738 rhapsodis
759 2679 787 2723 et
804 2671 897 2738 primis
915 2670 1136 2739 descriptoribus,
1163 2686 1242 2738 spon·

244 2748 324 2810 teque
343 2740 372 2793 in
389 2738 545 2793 memoriam
562 2747 671 2792 revocat
689 2739 819 2792 monitum
838 2740 957 2794 Timonis
973 2757 999 2792 n.
1018 2744 1072 2809 42,
1101 2746 1188 2807 reete,
1211 2745 1242 2792 ut

242 2811 345 2878 opinor,
364 2814 507 2874 acceptum
525 2823 542 2861 a
558 2806 683 2861 Fabricio
700 2823 726 2874 p.
745 2811 804 2861 368.

311 2895 348 2962 ⁵⁷)
367 2893 397 2946 Α.
415 2895 456 2948 97.
475 2898 534 2948 553.
553 2913 579 2946 π.
597 2897 656 2948 559.
675 2912 698 2944 σ.
721 2897 762 2948 10.
784 2898 821 2947 11.
847 2896 911 2963 (11011
938 2894 1001 2949 lecti
1025 2897 1054 2946 ἐν
1079 2898 1114 2974 τῇ
1129 2891 1243 2974 Ῥιανοᾷ)

242 2962 907 3100 1131111181813111117’.118111ἶί1;
926 2963 1243 3086 1111111111

242 3099 378 3180 ingenium
404 3098 529 3177 produnt.
564 3101 656 3178 Atque
681 3100 796 3153 fortasse
822 3098 890 3154 haee
906 3101 1027 3154 recensio
1046 3100 1085 3169 (id
1102 3115 1200 3179 nomen
1218 3101 1243 3153 ei

242 3167 359 3287 mndreett
383 3167 622 3289 loAcpuetndrhmodus
639 3167 697 3234 ille,
720 3170 737 3237 ἡ
753 3163 864 3233 Ῥιανοῦ,
890 3171 907 3238 ἠ
925 3169 993 3221 κατὰ
1007 3165 1118 3237 Ῥιανόν)
1141 3168 1192 3222 furt
1214 3170 1243 3222 in

241 3251 344 3306 appara
357 3252 376 3288 u
420 3250 515 3289 rasarc
545 3273 551 3288 .

312 3323 349 3387 ⁵8)
368 3319 436 3373 Eius
454 3325 509 3373 tres
528 3318 677 3373 afferuntur
693 3320 830 3389 lectiones,
855 3340 879 3373 α.
898 3325 924 3376 3.
941 3323 1062 3391 κεφαλάς
1078 3338 1128 3391 pro
1146 3322 1244 3394 ψυχάς,

243 3389 363 3459 (seilicet
381 3403 416 3442 ex
434 3388 457 3443 λ,
474 3393 515 3444 55.
534 3388 621 3442 ubit.
640 3387 749 3453 acholl.)
768 3394 795 3442 et
808 3408 829 3442 ν.
843 3392 902 3445 657.
923 3391 1073 3451 ἀναθέντες
1089 3406 1115 3458 p.
1128 3390 1242 3441 ἀνέσαν-

243 3476 302 3526 τες;
329 3456 465 3525 posterior
488 3458 516 3509 ἐκ
542 3461 591 3508 τοῦ
614 3467 694 3526 toury
714 3459 847 3524 άμματος)
875 3460 943 3527 πρὸς
960 3459 1110 3529 Ζηνόδοτον
1129 3460 1146 3511 i.
1165 3473 1187 3511 e.
1207 3460 1244 3510 od

242 3543 262 3581 s.
281 3527 376 3595 potius
394 3526 554 3578 οοοονεαεΖ
582 3525 674 3578 Tertia
692 3476 780 3593 ligatio,
798 3542 852 3579 uon
868 3527 947 3594 mala,
964 3527 991 3593 β.
1011 3527 1102 3581 436.ἐ
1137 3527 1244 3594 callist,

241 3593 388 3663 Apollonio
407 3592 552 3647 communis
564 3592 615 3646 fuit
627 3609 687 3647 cum
699 3593 829 3662 Aristopb
850 3601 878 3648 et
889 3595 1051 3648 Aristarcho.
1079 3593 1112 3647 Se
1133 3593 1244 3647 oliastae

241 3663 354 3717 verbum
375 3660 421 3727 ibi,
444 3662 623 3730 προφέρεται,
648 3662 770 3716 omuibus
787 3663 860 3728 lociS,
883 3663 911 3716 ui
929 3663 1015 3730 fallor,
1038 3659 1073 3714 ad
1096 3661 1244 3728 singulares

243 3730 327 3786 hhroe
351 3729 460 3783 criticos
483 3731 614 3797 pertinet,
627 3747 691 3806 ⁴non
714 3730 747 3784 ad
771 3730 855 3784 iustas
876 3732 1007 3789 ἐκδόσεις.
1043 3729 1080 3798 [p.
1099 3727 1183 3782 46211.
1202 3734 1244 3785 39.

242 3801 295 3855 oet
305 3798 331 3852 b.
350 3800 392 3851 ao.
410 3797 491 3852 seeo.
511 3801 560 3866 11]

1078 3892 1101 3932 Β.
