3034 4434
725 526 903 579 ..13-

315 675 410 736 Schol.
431 689 484 732 nec
503 671 674 731 Eustathius
695 688 815 744 usquam
835 674 976 746 agnoscit,
996 680 1029 733 ut
1049 689 1115 733 sero
1136 673 1314 748 adscriptum

315 758 400 827 putes
421 767 457 808 ex
477 749 564 809 Scuto
584 749 674 808 Herc.
696 755 759 809 182.
785 750 915 809 Alterius
935 751 1024 810 nihilo
1043 751 1137 810 maior
1157 752 1314 811 auctoritas

315 834 361 888 est
386 827 423 886 ab
447 826 564 899 optimis
589 825 711 885 Scholiis
739 832 770 884 11
797 826 953 887 codicibus.
993 829 1048 886 Illa
1067 829 1143 886 enim
1162 829 1315 887 maxirnam

315 903 575 977 interpunctionem
595 903 746 975 requirunt
766 904 842 961 inter
862 922 887 961 1.
911 907 973 963 167.
993 912 1023 963 11
1044 912 1117 976 lca,
1138 900 1315 962 1111111111

315 981 398 1040 decor
419 975 565 1048 σύνταξιν,
592 996 665 1051 quae
683 996 759 1038 nunc
780 987 912 1054 exempto
932 981 1027 1040 medio
1047 998 1133 1039 versu
1153 982 1257 1040 rudem
1276 981 1316 1040 oi·

315 1059 424 1130 tendat,
451 1059 475 1115 si
496 1063 609 1115 veteres
631 1056 731 1115 Critici
751 1057 853 1116 duram
874 1064 1033 1130 putassent,
1058 1057 1143 1116 facile
1164 1059 1207 1116 ita
1227 1060 1316 1116 lenire

315 1124 487 1211 potuissent,
513 1129 581 1210 εὗρε
602 1131 627 1190 δ’
649 1126 755 1190 ἔπειτα.
796 1134 926 1194 Tertium
946 1136 1002 1192 iam
1023 1136 1073 1193 alii
1093 1142 1316 1207 summoverunt

316 1229 400 1286 quem
427 1220 456 1270 11
475 1211 610 1270 Eustath.
637 1216 667 1268 et
690 1211 789 1283 plures
809 1211 877 1270 boni
898 1211 981 1270 codd.
1001 1213 1138 1270 reiicirmt
1158 1229 1222 1270 cum
1244 1211 1314 1270 edit

315 1290 446 1364 principe
472 1295 502 1347 et
527 1288 666 1347 Romana.
706 1288 809 1360 Neque
835 1295 938 1360 quarto
966 1290 1061 1347 versui
1081 1288 1152 1347 fides
1173 1294 1219 1347 est
1238 1288 1316 1362 apud

315 1366 500 1426 Eustathium
521 1371 550 1424 et
570 1365 643 1423 alios
663 1363 761 1436 libros,
783 1365 832 1435 qui
852 1382 917 1422 eum
931 1366 1155 1437 partimhabent
1169 1367 1312 1424 variatum

316 1447 346 1502 in
359 1444 497 1515 clausula,
511 1457 585 1513 quae
599 1442 710 1499 scilieet
723 1459 780 1500 nou
795 1442 879 1500 simul
892 1442 969 1500 trahi
983 1449 1099 1514 poterat
1114 1459 1150 1500 ex
1162 1443 1195 1500 Il.
1207 1462 1236 1499 a
1249 1449 1313 1501 ten.

315 1521 377 1580 Hos
390 1521 480 1593 igitur
493 1527 523 1578 et
537 1520 648 1590 aliquot
667 1519 740 1577 alios
754 1535 862 1590 versuo,
882 1520 939 1576 etsi
951 1520 1066 1578 minime
1080 1520 1205 1591 ineptos,
1232 1535 1314 1578 nemo

316 1595 445 1672 profecto
460 1614 515 1656 non
528 1596 662 1654 reiiculos
673 1602 765 1667 putet,
779 1596 804 1653 si
816 1612 864 1654 eos
875 1612 968 1668 nuper
978 1596 1203 1655 Rhodomannus
1213 1594 1317 1655 iecerit

316 1681 367 1734 aut
386 1674 553 1745 Barnesius‚
574 1682 652 1740 (nam
671 1673 719 1730 hie
738 1673 883 1730 interdum
903 1673 1012 1745 aliquid
1033 1673 1116 1732 oiiert
1135 1669 1264 1744 οἴκοθεν,
1285 1679 1318 1730 11

317 1754 385 1822 aitzt
412 1758 443 1810 at
467 1768 485 1809 a
510 1748 632 1823 sepultis
656 1749 781 1820 ingeniis
806 1749 910 1808 abhinc
929 1751 1014 1823 plura
1033 1751 1151 1808 saecula
1170 1748 1317 1822 profectos

316 1847 373 1889 non
391 1829 492 1887 licebit
510 1825 653 1884 reiicere?
693 1825 815 1883 Discere
835 1826 936 1895 velim,
951 1843 1018 1898 quo
1037 1828 1101 1885 iure
1122 1827 1205 1884 nobis
1226 1826 1317 1884 ceteri

316 1905 461 1965 retinendi
480 1905 545 1961 sint.

786 2063 854 2136 IX.

278 2245 303 2285 2⁸
392 2218 481 2276 Aliud
495 2235 585 2292 genus
601 2224 646 2278 est
659 2221 840 2293 vulgatorum
853 2220 1009 2280 lectionum
1022 2220 1112 2279 multo
1125 2219 1317 2292 frequentius,

317 2296 393 2368 quod
405 2295 544 2355 librorum
557 2297 674 2369 quidem
684 2303 714 2357 11
722 2297 922 2356 recensionum
932 2303 1063 2357 veterum
1073 2313 1193 2355 assensu
1202 2297 1320 2355 minime

317 2379 425 2445 careat,
444 2389 498 2430 nec
510 2379 608 2432 tamen
621 2375 666 2434 vel
680 2381 802 2448 propter
816 2391 898 2432 usum
912 2374 996 2433 huius
1010 2379 1123 2448 poetae,
1138 2374 1183 2432 vel
1196 2379 1320 2447 propter

315 2449 569 2511 conformationem
584 2457 753 2511 ettenorem
764 2452 935 2525 sententiae,
948 2453 995 2511 111
1005 2452 1092 2510 alium
1101 2451 1190 2509 talem
1200 2466 1319 2509 causam

315 2545 373 2588 nou
389 2527 592 2602 expellendum
609 2535 639 2587 11
657 2528 695 2587 11
715 2530 850 2588 meliores
864 2529 954 2589 libros
966 2528 1160 2587 revocandum
1174 2527 1318 2585 videatur.
1343 2568 1345 2571 ψ

315 2606 423 2664 Verum
441 2605 471 2663 in
484 2604 539 2664 hoc
553 2622 669 2678 genere,
690 2607 766 2665 sicut
779 2606 866 2664 etiarn
879 2606 909 2663 in
923 2607 1020 2679 priore
1034 2605 1094 2677 illo,
1115 2604 1235 2662 dubium
1248 2601 1320 2662 facit

315 2681 462 2741 interdum
480 2683 603 2754 penuria
621 2683 761 2742 bonorum
780 2680 910 2754 fontium,
930 2699 987 2753 quo
996 2683 1084 2741 lectio
1097 2697 1230 2753 quaeque
1242 2677 1320 2738 reic-

318 2757 411 2816 renda
433 2757 480 2829 sit,
498 2763 596 2816 utrum
616 2758 654 2816 ad
667 2757 807 2817 incuriam
821 2758 973 2832 editorum,
993 2776 1032 2818 an
1045 2758 1083 2828 ad
1097 2757 1237 2829 codicum,
1258 2759 1320 2828 qui·

317 2835 371 2893 bus
391 2833 434 2890 illi
453 2833 500 2890 usi
519 2840 595 2903 sunt,
616 2833 747 2907 adeoquo
761 2836 889 2907 ipsorum
902 2842 1033 2895 veterum
1046 2836 1259 2896 auctoritatem.
1280 2832 1321 2892 Ut

317 2910 436 2983 vulgata
456 2906 554 2990 Πιερίῃ
572 2908 603 2986 β.
625 2913 689 2972 166.
710 2911 788 2970 unde
808 2912 891 2971 nobis
910 2913 940 2971 in
969 2929 1067 2972 ornnes
1088 2912 1170 2970 editt.
1197 2911 1319 2981 venerit,

318 2987 434 3060 ignor03
454 3002 548 3059 neque
567 3005 637 3048 vero
658 3004 694 3047 ex
712 2988 826 3061 Hymno
847 2990 877 3047 in
895 2989 988 3049 Mero.
1004 2993 1048 3050 70.
1061 3005 1122 3061 sqq.
1137 2994 1188 3047 aut
1201 2986 1320 3047 aliunde

318 3061 475 3123 defendere
495 3082 620 3137 possum.
654 3066 699 3124 Ibi
720 3067 795 3124 enirn
814 3082 871 3126 non
888 3069 1011 3138 pastoris
1030 3070 1065 3123 ao
1084 3069 1246 3137 Amphryso,
1268 3062 1342 3123 sed.

319 3146 513 3200 armentorum
534 3141 590 3200 diis
611 3158 757 3203 sacrorum
777 3144 885 3204 mentio
905 3142 946 3202 111.
975 3144 1112 3215 Plerique
1131 3149 1230 3202 autem
1249 3139 1318 3200 boni

320 3216 429 3288 11113)
457 3233 520 3275 cum
546 3219 682 3279 Eustath.
707 3225 825 3278 servant
849 3236 954 3280 nomen
983 3236 1077 3294 paene
1103 3219 1266 3278 inauditum
1288 3218 1319 3275 in

320 3293 510 3367 geographia,
529 3296 581 3354 sed
593 3297 649 3356 hoc
662 3297 725 3370 ipso
740 3297 779 3355 ad
792 3298 1006 3372 corruptionem
1019 3313 1149 3371 pronum,
1172 3292 1280 3374 dapeejp
1294 3311 1317 3353 s.

387 3489 410 3552 3)
427 3488 556 3543 Nonnulli
574 3503 674 3557 eornm,
693 3493 723 3543 ut
740 3487 869 3559 Venetus,
887 3489 993 3544 initium
1010 3495 1038 3542 et
1056 3488 1133 3558 quasi
1144 3504 1225 3543 omen
1255 3485 1320 3542 uod·

320 3557 382 3613 dam
399 3556 597 3626 depravationis
614 3557 723 3625 habent,
742 3555 857 3629 ΙΙηερίῃ.
875 3558 907 3611 11
925 3556 1039 3612 Scholils
1055 3557 1123 3612 nihil
1140 3564 1182 3610 est
1199 3504 1320 3623 11111,

319 3641 408 3694 neque
417 3626 453 3706 Ι11
470 3625 523 3691 illis¹
539 3625 679 3706 vulgatum
697 3623 811 3679 affertur
827 3626 879 3680 nisi
897 3641 951 3679 uno
969 3625 1028 3681 loco
1046 3628 1080 3706 φ.
1093 3629 1153 3680 383.
1177 3623 1230 3705 {led
1248 3624 1319 3677 hanc

321 3698 509 3819 alugtontatem
526 3694 1090 3818 111ἒὲ111111ζὲ1ἓ10111111ῗῂ11ἓ11111111111,
1107 3691 1318 3747 1111111111]-

319 3778 639 3832 onar.quemma
792 3803 798 3814 .
859 3802 867 3831 ,
920 3804 926 3816 .
