3034 4434
641 547 825 602 -41..

237 695 343 754 linitima
362 695 498 755 Graecia
524 711 579 754 non
607 696 694 754 aliter
720 696 839 768 vulgate
860 691 1039 769 esse‚‘quam
1060 696 1138 771 apud
1157 696 1235 770 Aga-

236 773 355 846 thyrsos‚
382 771 558 831 Aristotelis
578 778 690 844 aetate,
716 778 804 845 atque
825 778 912 831 antea
931 773 1009 847 epnd
1030 773 1184 833 Cretenses
1205 782 1235 833 et

234 849 488 921 Lacedaemonios,
504 863 575 920 quos
588 849 655 908 buio
667 850 712 908 rei
725 850 813 908 etiem
827 855 942 909 cantum
957 857 987 909 et
999 852 1124 911 musicos
1134 851 1234 910 modos

235 926 396 986 adhibuisse
416 931 542 985 constat.
576 925 668 982 Primi
682 929 850 983 Graecorum
870 931 988 983 omnium
1009 928 1131 1002 scriptas
1153 929 1233 1001 leges
1333 982 1336 988 .

234 1007 404 1077 acceperunt
430 1004 517 1058 Leon·
541 1003 719 1075 Epizephyrii
738 1019 756 1062 a
778 1002 955 1076 lamii),
985 1020 1070 1076 quern
1089 1005 1234 1064 Eusebius
1247 1017 1273 1056 is

233 1081 310 1218 ἕὲἷιίῑ
332 1078 489 1140 florentem
511 1077 623 1154 Olymp.
644 1079 752 1139 XXIX.
781 1085 849 1139 ante
870 1080 936 1140 Chr.
957 1087 1022 1141 664.
1043 1098 1087 1141 aa.
1110 1085 1146 1142 'le
1166 1087 1234 1140 ante

277 1172 372 1218 onem.

303 1233 415 1292 Verum
436 1233 473 1292 de
493 1233 611 1292 Zaleuci
632 1233 754 1306 legibus,
776 1250 897 1307 quarum
916 1236 1029 1295 nonnisi
1048 1237 1144 1296 tenuis
1157 1233 1234 1294 fama
1247 1245 1272 1285 ⁶⁹

236 1315 377 1386 superest,
398 1315 538 1384 corrupte
557 1326 576 1369 a
596 1310 849 1380 declamatoribus,
869 1318 902 1370 ut
922 1314 980 1371 alia
998 1315 1097 1386 multa,
1118 1314 1160 1371 ita
1179 1313 1234 1371 boc

235 1404 351 1462 prorsus
371 1388 502 1460 ignotum
523 1391 576 1461 est,
597 1403 654 1459 quo
675 1403 783 1460 genere
803 1388 949 1448 scribendi
969 1395 999 1448 et
1012 1391 1115 1462 quibus
1128 1390 1234 1449 instru-

233 1465 334 1524 mentis
356 1469 496 1534 exereres
516 1463 582 1523 sint.
614 1464 728 1524 Solonis
747 1469 845 1523 autem
859 1473 957 1526 aetate
971 1468 1064 1538 qualis
1077 1466 1233 1524 Athenien-

232 1542 301 1600 sium
311 1539 563 1614 scripturaluerit,
572 1541 691 1614 publica
701 1541 827 1613 quidem,
842 1540 1041 1603 demonstrant
1051 1544 1131 1616 leges
1142 1544 1233 1616 ipsius

234 1618 343 1692 Olymp.
358 1616 462 1691 XLVI,
484 1625 517 1681 3.,
532 1623 599 1677 ante
615 1617 681 1678 Gbr.
697 1624 762 1677 594.
782 1618 903 1678 rudibus
922 1621 1053 1679 materiis
1073 1621 1233 1693 inscalptae

303 1775 350 1852 il)
373 1783 435 1838 Etsi
460 1782 513 1838 duo
535 1788 640 1837 tantum
665 1781 755 1837 idonei
772 1788 896 1838 auctores
914 1788 1021 1837 exstant
1039 1783 1118 1838 huius
1135 1784 1232 1853 famae,

236 1853 365 1936 Soyrnnus
382 1852 488 1932 Perieg3
507 1855 566 1906 ela.
583 1850 680 1907 Strabo
699 1850 745 1904 Vl.
766 1867 793 1919 p.
812 1855 892 1933 etita,⁸
906 1867 966 1906 earn
983 1858 1074 1907 temen
1091 1853 1154 1934 olim
1172 1869 1233 1934 con·

233 1919 1233 2069 ittlllttiettlilltt,eitltllleitlllttl3¹l¹¹llll

233 2056 274 2115 ior
290 2074 372 2128 quam
384 2057 501 2113 maxime
532 2055 617 2112 ondus
629 2057 710 2137 huius
721 2057 891 2113 auctoritatis
901 2061 1035 2114 communi
1046 2060 1139 2114 morbo
1151 2057 1233 2115 Grae·

233 2144 330 2196 comm,
356 2142 437 2195 quem
454 2141 491 2196 pa
529 2132 627 2180 oante
645 2141 673 2179 rn
691 2125 793 2196 Gorgia
809 2127 901 2180 notavi
918 2135 946 2180 et
964 2143 1045 2197 saepe
1063 2127 1135 2182 alibi.
1170 2128 1232 2195 Qui-

234 2211 336 2265 cunque
359 2194 432 2250 enim
451 2194 507 2249 ullo
531 2201 652 2262 tempore
680 2194 835 2250 claruerant
856 2195 961 2265 legibus
983 2196 1117 2260 ferendis,
1140 2196 1232 2251 eodem

234 2280 322 2320 omnes
339 2262 399 2319 loco
418 2261 453 2318 eb
471 2261 524 2317 illis
541 2261 636 2317 baberi
653 2263 789 2318 solebant:
807 2263 888 2318 etiam
905 2263 1021 2332 fabulae,
1039 2267 1121 2321 Ceres
1132 2266 1232 2330 θεσμο-

234 2334 324 2402 φόρος,
343 2331 534 2401 Triptolemus,
554 2330 679 2400 Cecrops,
699 2347 753 2386 non
771 2338 941 2400 spernuntur.
971 2333 1047 2386 Alias
1064 2334 1092 2387 in
1109 2333 1233 2401 hocque·

234 2417 283 2470 qne
302 2416 403 2471 genere
422 2415 457 2454 ex
476 2397 669 2455 consuetudine
680 2399 762 2468 prisci
773 2400 833 2454 aeri
844 2407 1000 2467 congestum
1012 2402 1093 2454 estin
1105 2401 1232 2467 singulos,

234 2469 302 2538 quod
319 2484 375 2524 non
392 2468 473 2523 unias
491 2467 588 2522 aetatis
604 2466 710 2537 inerat,
736 2468 780 2522 rel
806 2473 937 2521 mutatum
962 2473 991 2521 et
1008 2469 1155 2535 expolitum
1173 2475 1233 2545 erat

234 2537 327 2593 studiis
352 2537 472 2605 plurium
496 2537 577 2590 variis
600 2536 694 2591 modia.
728 2537 826 2590 Annon
849 2534 901 2589 hoc
918 2535 1018 2589 iactum
1036 2543 1078 2588 est
1094 2536 1123 2589 in
1140 2535 1232 2588 Mrnoe

234 2607 362 2674 Cretensi,
381 2606 410 2660 in
425 2605 559 2674 Lycurgo,
572 2605 637 2658 item
654 2605 683 2658 in
694 2605 793 2660 Mose?
811 2603 953 2670 Scripsisse
971 2611 1060 2657 entem
1078 2603 1158 2670 vulgo
1176 2617 1232 2656 cre·

235 2675 367 2730 debentur
385 2674 425 2728 illi
443 2689 542 2742 omnes,
560 2689 610 2728 nec
629 2673 736 2728 clariori
753 2673 807 2727 luci
824 2671 953 2726 historiae
971 2671 1102 2726 cedebant
1119 2670 1232 2725 tabulae.

234 2744 275 2798 lta
300 2743 426 2798 Clemens
449 2741 546 2796 Hiram.
572 2742 594 2796 I.
618 2758 644 2810 p.
663 2745 722 2798 309.
747 2744 781 2796 A.
800 2742 926 2804 chcrcco,
946 2743 1030 2808 primo
1051 2744 1134 2808 legum
1157 2741 1233 2792 latori

234 2810 354 2881 (proprie
372 2810 411 2864 sic
430 2809 551 2890 appellat
569 2826 639 2879 eum,
657 2810 704 2879 qui
721 2811 824 2879 primns
841 2810 999 2878 scripserat:
1022 2808 1126 2879 priores
1143 2807 1233 2887 potins

234 2879 392 2935 educatores
409 2879 507 2932 cirrum
526 2894 634 2932 suorum
652 2885 681 2932 et
698 2878 881 2934 moderatores
899 2877 1031 2944 fuerantzl
1047 2877 1167 2932 Minoem
1185 2876 1233 2929 telr

234 2948 310 3004 modo
330 2946 452 3017 apponit,
465 2953 495 3001 ut
513 2947 536 3001 is
554 2951 570 3003 7
583 2946 699 3001 saeculis
708 2953 771 3001 ante
784 2963 840 3001 rem
853 2946 965 3001 eandem
977 2946 1072 3001 fecisse
1085 2945 1233 2999 censendus

234 3017 274 3070 sit,
303 3015 401 3085 Neque
415 3014 546 3075 Clementi
564 3021 659 3069 auctor
676 3015 754 3137 longe
768 3015 937 3085 quaerendus
949 3020 1014 3069 erat.
1042 3014 1112 3071 Nam
1123 3014 1152 3067 in
1163 3013 1233 3066 Dial.

233 3084 371 3140 Platonico
395 3100 421 3152 p.
440 3086 499 3138 320.
518 3084 547 3139 G.
569 3082 668 3138 diserta
693 3083 729 3136 tri
748 3090 849 3138 uuntnr
865 3083 950 3137 Minoi
975 3084 1048 3154 adeor
1070 3083 1100 3133 ἐν
1122 3081 1234 3154 χαλκοῖς

234 3153 429 3223 γραμματείοις
445 3154 639 3220 γεγραμμένοι.
676 3151 728 3218 Qui
746 3152 834 3218 locus,
863 3152 954 3206 nescio
978 3152 1126 3221 quomodo,
1152 3151 1232 3203 etiarn

235 3227 387 3276 nostrorum
404 3228 556 3288 temporam
574 3218 733 3274 doctissimis
742 3221 807 3275 viris
816 3220 905 3275 fraudi
917 3219 976 3288 luit,
994 3235 1076 3288 quum
1086 3218 1233 3273 simillimus

234 3289 260 3343 in
283 3288 380 3345 eodem
405 3288 536 3357 opusculo
561 3288 630 3342 alius
646 3288 779 3342 neminem
798 3289 978 3343 commoverit.
1014 3288 1121 3342 Scilicet
1139 3286 1232 3341 eodem

233 3363 299 3412 teste
311 3357 455 3427 tragoedia
473 3373 508 3411 ex
520 3355 662 3425 Thespidis
680 3363 708 3410 et
719 3357 863 3426 Phrynichi
881 3362 970 3411 aetate
989 3356 1132 3411 adMinois
1149 3361 1233 3409 retra·

234 3424 319 3481 banda
337 3432 397 3480 erat
415 3433 445 3480 et
460 3424 625 3479 illudendum
642 3425 676 3479 iis
694 3426 824 3493 omnibus,
843 3426 889 3494 qui
901 3426 1046 3479 Homerum
1064 3425 1148 3478 multo
1166 3422 1233 3476 anti·

251 3510 354 3550 morsm
372 3494 512 3562 tragoedia
524 3493 653 3547 lecerunt.
688 3494 726 3546 At
738 3493 836 3549 doctus
847 3495 1042 3549 Grammaticus
1053 3491 1233 3560 Apollodorus

234 3510 299 3617 gibi.
308 3563 360 3630 111,
381 3568 404 3630 1,
422 3567 446 3616 2.
464 3562 583 3617 Minoem
601 3567 717 3615 testatur
731 3565 840 3643 spicat
859 3563 964 3626 νόμους.
990 3563 1033 3617 Sic
1051 3560 1143 3614 scribit
1160 3572 1232 3637 sane,

236 3644 285 3685 non
302 3636 435 3698 testatur3
453 3630 568 3684 fortasse
585 3644 619 3683 ne
638 3629 751 3684 credidit
781 3631 879 3686 uidem.
908 3628 1232 3684 Utunturbaclocntrone

236 3700 308 3753 multi
332 3700 365 3754 de
389 3699 449 3767 ipso
466 3699 605 3769 Lycurgo,
632 3713 711 3767 quem
757 3701 763 3712 '
785 3701 804 3753 il
831 3699 959 3767 scriptum
977 3695 1116 3765 reliquisse
1135 3694 1233 3747 clamat

238 3768 318 3823 omnis
334 3768 492 3836 antiquitas.
