3034 4434
613 550 796 605 ..41-

210 699 316 758 finitima
335 699 469 758 Graecia
494 715 552 758 non
580 699 665 758 aliter
692 700 811 772 vulgata
831 695 1011 772 esse‚'quam
1032 700 1206 774 11111111-

209 776 327 849 tyrsos,
354 775 661 847 11111111111111111,
688 782 776 848 atque
795 781 883 835 autea
902 777 981 850 apud
1002 776 1156 837 Cretenses
1177 785 1206 836 et

207 853 459 925 Lacedaemonios,
475 867 547 925 quos
560 853 627 911 huic
639 854 684 911 rei
697 854 785 912 etiam
799 858 914 912 cantum
928 860 959 913 et
971 856 1095 914 musicos
1106 854 1206 914 modos

207 930 368 989 adhibuisse
389 934 514 990 constat.
548 929 640 986 Primi
654 933 821 986 Graecorum
842 934 960 986 omnium
980 932 1103 1005 scriptas
1123 933 1205 1003 leges
1305 986 1308 992 .

206 1011 376 1080 acceperuut
402 1008 488 1062 Locri
513 1007 692 1079 Epizephyrii
710 1023 728 1066 1
749 1010 866 1064 Zokoco
874 1006 927 1079 ⁸²),
957 1024 1041 1080 quem
1061 1009 1206 1067 Eusebius
1219 1020 1244 1059 ⁶0

205 1085 281 1222 1813111
303 1082 462 1143 florentem
483 1081 595 1158 Olymp.
616 1083 724 1143 XXIX.
752 1089 821 1142 ante
842 1083 908 1144 Chr.
929 1091 994 1144 664.
1015 1102 1059 1145 11.
1081 1088 1118 1145 10
1138 1091 1205 1144 ante

248 1176 343 1221 onem.

274 1237 387 1296 Verum
408 1236 446 1295 de
465 1237 583 1296 Zaleuci
604 1237 726 1310 legibus,
747 1254 868 1310 quarum
888 1240 1001 1298 nonnisi
1020 1241 1115 1299 tenuis
1128 1237 1206 1297 lama
1219 1249 1244 1289 11

208 1319 348 1389 superest,
370 1319 510 1387 corrupta
530 1330 548 1372 a
568 1313 821 1384 declamatoribus,
841 1321 874 1374 ut
894 1317 952 1374 1111
970 1319 1069 1389 multa,
1090 1318 1132 1375 ita
1151 1317 1206 1376 hcc

207 1407 322 1465 prorsus
342 1392 474 1464 ignotum
495 1395 548 1465 est,
569 1407 626 1462 qno
647 1407 755 1464 genere
775 1392 920 1452 scribendi
941 1399 971 1452 et
984 1395 1087 1465 quibus
1100 1394 1206 1452 instru-

205 1469 306 1528 mentis
327 1473 468 1538 exaratae
488 1467 554 1526 siut.
586 1468 700 1528 Solonis
719 1473 816 1527 autem
831 1476 929 1529 aetate
942 1472 1036 1542 qualis
1048 1470 1205 1528 Athenien-

205 1547 273 1604 sium
283 1543 535 1618 scripturaruum,
545 1544 662 1618 publica
673 1544 799 1617 quidem,
814 1545 1012 1607 demonstrant
1024 1549 1103 1620 leges
1114 1547 1205 1619 ipsius

206 1622 314 1697 olymp.
329 1620 434 1694 XLVI,
456 1627 571 1685 3.,1111
587 1621 734 1681 Chatta
753 1621 875 1682 rudibus
894 1625 1025 1682 materiis
1044 1625 1205 1696 inscalptae

275 1779 322 1855 ⁴⁸²)
345 1786 407 1842 Etsi
430 1787 485 1844 duo
507 1791 611 1841 tantum
637 1785 727 1840 idonei
744 1793 868 1842 auctores
886 1791 993 1840 exstant
1010 1786 1090 1842 huius
1107 1787 1204 1856 lamae,

208 1857 336 1928 11111111
353 1856 459 1924 Parieg.
479 1854 652 1910 elaborabo
670 1853 717 1908 VI.
738 1871 764 1923 p.
783 1859 856 1923 aba,
878 1871 937 1910 eam
955 1861 1045 1910 tamen
1063 1856 1126 1910 clim
1143 1872 1205 1911 con·

206 1923 1205 2049 11111111111111111111

205 2009 344 2132 ‘emm
356 2061 473 2116 maxime
504 2059 589 2115 ondus
601 2009 1006 2140 11111111111111111111111111111
1018 2033 1111 2117 m’orbc
1123 2010 1205 2118 offig-

206 2147 302 2200 cornm,
327 2145 408 2199 quem
425 2145 463 2199 pa
502 2144 517 2184 c
535 2135 599 2184 ante
617 2144 645 2182 m
663 2129 764 2199 Gorgia
781 2129 873 2184 notavi
890 2138 918 2183 et
936 2145 1017 2199 saepe
1035 2130 1107 2185 alibi.
1142 2131 1204 2198 Qui-

206 2215 308 2269 cunqne
332 2199 403 2254 enim
423 2197 479 2254 ullo
502 2204 624 2266 tempore
652 2198 806 2252 claruerant
828 2197 933 2267 legibus
956 2198 1088 2263 ferendis,
1111 2199 1204 2254 ecdem

206 2283 294 2323 omnes
311 2266 370 2322 lcco
389 2265 424 2322 ab
443 2265 496 2321 illis
512 2264 607 2320 baberi
625 2266 761 2322 solebant:
779 2266 860 2320 etiam
877 2266 993 2335 fabulae,
1011 2269 1204 2333 0111111111-

206 2337 296 2406 φόρος,
315 2335 506 2404 Triptolemus,
525 2333 650 2403 Cecrops,
670 2350 725 2390 non
743 2341 913 2404 spernuntur.
943 2335 1019 2390 Alias
1036 2337 1064 2390 in
1080 2336 1205 2404 luceque·

207 2419 255 2474 que
274 2419 374 2474 genere
393 2419 429 2457 11
447 2402 641 2458 consuetudine
651 2403 733 2472 prisci
744 2403 805 2458 aevi
816 2410 972 2470 congestum
984 2405 1065 2457 estin
1077 2402 1204 2470 singulos,

207 2472 275 2542 quod
292 2488 347 2526 non
363 2472 445 2525 unius
462 2471 559 2525 aetatis
576 2470 682 2541 iuerat,
707 2472 751 2526 vel
777 2477 910 2527 mutatum
935 2477 963 2524 et
980 2471 1127 2538 expolitum
1146 2479 1205 2524 erat

207 2541 300 2596 studiis
325 2540 444 2609 plurium
467 2540 549 2593 variis
572 2540 665 2595 modis.
700 2541 798 2595 Annon
821 2539 990 2593 hccfactum
1008 2539 1094 2593 estin
1112 2538 1204 2593 Minoe

206 2608 335 2676 Cretensi,
353 2608 531 2677 inbycurgo,
544 2608 608 2662 item
626 2609 654 2662 in
666 2608 765 2663 Mose?
783 2607 925 2675 Scripsisse
943 2615 1032 2662 autem
1050 2607 1130 2674 vulgo
1148 2621 1204 2661 cre-

207 2678 339 2733 debantur
357 2677 396 2731 illi
414 2692 514 2746 omnes,
532 2692 582 2731 nec
600 2677 708 2732 clariori
725 2677 780 2732 luci
796 2676 925 2730 historiae
943 2676 1073 2730 cedebant
1090 2674 1204 2730 tabulae.

206 2746 247 2801 lta
273 2745 398 2800 Clemens
421 2743 517 2800 Strom.
544 2746 566 2799 I.
590 2761 616 2813 p.
634 2748 694 2802 309.
719 2748 752 2801 Α.
772 2746 898 2808 ladasca,
918 2747 1002 2813 primo
1024 2748 1106 2813 lupam
1129 2747 1205 2797 latori

206 2814 326 2883 (proprie
344 2813 383 2868 sic
402 2813 523 2894 appellnt
541 2829 610 2884 eum,
628 2815 676 2883 qui
693 2815 796 2882 primus
814 2814 971 2882 scripserat:
994 2813 1099 2882 priores
1115 2812 1205 2881 potius

206 2882 364 2937 educatores
381 2881 479 2936 cirrum
498 2896 606 2936 suorum
625 2890 653 2936 et
670 2883 853 2937 moderatores
871 2882 1003 2949 fuerantzl
1020 2882 1140 2937 Minoem
1156 2881 1205 2935 tali

205 2951 282 3006 modo
302 2950 424 3020 apponit,
437 2957 468 3004 ut
484 2950 508 3005 is
526 2954 542 3006 'l
555 2951 671 3005 saeculis
681 2957 742 3005 ante
755 2966 812 3004 rem
825 2951 937 3005 eandem
949 2950 1044 3005 iecisse
1057 2950 1205 3004 censendus

206 3020 245 3073 ait.
275 3019 373 3088 Neque
386 3018 518 3079 Clementi
536 3026 630 3073 auctor
648 3020 692 3074 lon
712 3035 727 3073 1
740 3019 909 3088 quaerendus
921 3025 987 3073 erat.
1014 3019 1084 3075 Nam
1095 3019 1123 3071 in
1135 3017 1205 3071 Dial.

205 3087 343 3142 Platonico
367 3103 393 3155 p.
412 3090 471 3142 320.
490 3088 519 3143 G.
541 3086 640 3141 diserte
665 3036 821 3141 1151111111·
838 3088 923 3142 Minoi
947 3088 1020 3158 adnot
1043 3088 1072 3138 ἐν
1094 3086 1206 3158 χαλκοῖς

205 3156 401 3226 γραμματείοις
417 3157 611 3225 γεγραμμένοι.
648 3155 806 3223 1111111111,
836 3157 926 3211 nescio
950 3156 1098 3225 quomode,
1124 3156 1205 3208 etiam

206 3231 359 3280 nostrornm
376 3231 528 3292 temporum
546 3223 706 3279 doctisimis
714 3225 779 3278 viris
788 3225 878 3279 lraudi
889 3223 948 3292 luit,
967 3241 1048 3292 quum
1058 3223 1205 3278 simillimus
1237 3246 1239 3249 ·

205 3292 232 3346 in
256 3292 352 3348 eodem
376 3293 508 3373 opusculo
533 3292 601 3346 alius
618 3293 751 3346 neminem
770 3293 951 3347 commoverit.
986 3293 1094 3346 Scilicet
1111 3291 1205 3345 ecdem

205 3366 271 3415 teste
283 3361 427 3431 tragoedm
445 3376 480 3416 ex
492 3360 633 3428 Thespidis
652 3368 680 3415 et
691 3361 836 3430 Phrynichi
853 3368 943 3416 aetate
961 3361 996 3415 ad
1005 3361 1104 3415 Minois
1120 3367 1205 3413 retra·

205 3428 291 3485 luenda
308 3436 369 3484 erat
387 3437 417 3484 et
432 3429 598 3484 illudendum
615 3430 648 3483 iis
665 3429 796 3497 omnibus,
833 3431 862 3484 ui
873 3431 1019 3485 Homerum
1036 3430 1120 3482 multo
1138 3426 1205 3480 anti·

223 3498 325 3554 nicrem
343 3499 484 3566 tragoedia
496 3498 625 3552 lecerunt.
659 3499 698 3552 At
710 3497 808 3553 doctus
844 3501 1014 3552 rammaticus
1025 3495 1205 3564 Apollodorus

206 3514 270 3621 gill.
279 3568 331 3635 111,
352 3571 375 3635 1,
394 3571 418 3621 2.
436 3567 555 3621 Minoem
573 3571 689 3619 testatur
703 3568 813 3647 spadas
831 3568 936 3630 νόμους.
962 3566 1005 3620 Sic
1023 3564 1115 3618 scribit
1132 3575 1204 3640 sane,

207 3635 590 3702 11111111111;1ο11111111
609 3633 723 3688 credidrt
752 3636 851 3690 uidem.
880 3635 1000 3689 Utuntur
1010 3632 1062 3686 hac
1070 3633 1204 3685 locutrone

208 3705 279 3758 multi
302 3705 336 3760 de
360 3703 421 3772 ipsc
438 3703 577 3772 Lycurgo,
604 3717 683 3770 quem
729 3704 734 3715 ‘
757 3705 776 3757 il
803 3704 931 3771 scriptum
949 3699 1088 3768 reliquisse
1106 3696 1205 3757 clamat

210 3773 288 3828 omnis
304 3772 463 3840 antiquitas.
