3034 4434
643 573 815 625 ..5-

285 721 377 779 Henr.
406 720 523 793 quidem
550 720 728 794 Stephanum
752 720 912 779 Bamesius
937 735 995 780 non
1019 720 1162 779 immerito
1188 736 1234 779 ac·

236 805 311 858 cusat
330 798 488 856 Eustatbio
516 798 699 871 negligenter
724 814 809 856 usum
833 795 935 856 fuisse:
963 798 1020 855 nisi
1044 797 1234 856 laboriosissi-

237 893 304 934 mum
320 877 424 948 rhum,
446 892 533 946 quum
548 875 704 933 subitarias
718 880 802 935 notas
817 874 966 945 scriberet,
987 889 1023 933 ea
1036 874 1116 932 dicas
1131 874 1235 932 afferre

234 953 365 1024 noluisse,
386 952 490 1023 quibus
510 968 566 1011 non
587 950 625 1010 ad
646 951 848 1023 corrigendum
868 968 936 1009 usus
958 956 1043 1010 esset.
1083 952 1144 1009 Illis
1160 952 1236 1008 enim

235 1030 354 1088 saeculis
375 1030 492 1103 impune
512 1028 767 1087 dissimulabantur
786 1028 910 1100 labores,
931 1044 1002 1101 quos
1017 1028 1103 1087 hodie
1115 1029 1235 1087 mutatis

236 1105 359 1166 moribus
380 1106 410 1162 in
430 1107 525 1164 lucem
545 1104 679 1180 proferre
700 1106 838 1178 cogimur.
878 1105 925 1163 Ita
938 1103 975 1163 ab
989 1104 1098 1164 Aldina
1110 1104 1177 1163 inde
1191 1121 1235 1163 se·
1322 1162 1326 1171 ,

235 1182 322 1240 cunda
342 1182 474 1255 pluribus
495 1183 622 1255 priorum
644 1181 797 1253 editorum,
819 1182 948 1254 quamvis
968 1182 1141 1254 tacentibus
1160 1181 1238 1240 hunc

236 1259 454 1319 Grammaticum
480 1277 598 1332 prorsus
618 1260 782 1332 neglectum
802 1276 859 1317 non
883 1258 1014 1331 credam,
1043 1275 1079 1317 ex
1103 1275 1159 1330 quo
1186 1275 1236 1318 eos

237 1338 318 1395 etiam
346 1338 494 1409 recepisse
523 1337 606 1396 video
628 1337 778 1408 nonnulla,
806 1351 880 1407 quae
907 1336 954 1393 vix
980 1336 1096 1393 aliunde
1122 1351 1236 1394 sumere

235 1420 362 1486 possent:
384 1413 436 1470 sed
451 1413 640 1472 constantiam
655 1413 877 1486 comparationis
891 1429 948 1470 non
961 1413 1084 1486 reperio.
1104 1412 1236 1484 Eamque

235 1507 267 1549 ne
287 1490 419 1549 Romana
439 1489 556 1561 quidem
578 1489 666 1548 editio
694 1491 780 1562 plane
804 1489 922 1562 probat,
948 1489 1000 1548 illa
1024 1505 1098 1560 quae
1125 1495 1235 1547 textum
1250 1504 1274 1542 ιο

237 1569 315 1625 iuxta
336 1573 366 1625 et
380 1567 457 1624 illius
473 1566 715 1626 commentarium
729 1567 865 1626 continet.
905 1567 972 1639 Ipse
986 1581 1054 1623 vero
1067 1566 1235 1639 Barnesius,

236 1646 282 1716 qui
297 1644 447 1703 Eustachii
460 1647 556 1698 intima
577 1646 681 1701 scrinia
700 1664 728 1699 ae
747 1646 907 1714 compilasse
919 1643 1020 1714 iactat,
1041 1658 1126 1713 quam
1140 1643 1170 1700 in
1182 1642 1237 1701 huc

238 1728 264 1780 et
283 1721 402 1791 reliquis
423 1718 648 1793 professionibus
669 1721 728 1778 suis
750 1737 839 1778 vanus
859 1719 911 1792 sit,
937 1725 967 1778 et
992 1719 1043 1777 alii
1069 1719 1123 1776 viri
1148 1718 1235 1791 docti,

237 1805 262 1856 et
286 1815 360 1856 unns
389 1797 425 1856 de
452 1799 566 1870 paucis,
594 1798 643 1871 qui
667 1797 852 1856 Eustathium
878 1797 1011 1868 gnaviter
1040 1796 1235 1868 perlegerant,

238 1873 443 1934 Valckenarius
464 1876 582 1933 monuit.
622 1875 725 1946 Neque
744 1880 843 1933 tamen
856 1873 1023 1945 Barnesius,
1044 1878 1143 1930 cetera
1156 1873 1236 1945 inep-

239 1959 281 2011 tus
301 1953 395 2024 homo,
418 1956 447 2010 et
467 1968 569 2024 parum
590 1957 725 2010 accurate
746 1951 857 2022 doctus
877 1950 932 2009 hac
950 1949 1037 2009 laude
1057 1948 1236 2008 fraudandus

236 2035 289 2103 est,
311 2046 376 2088 eum
396 2027 487 2086 luisse
506 2029 639 2102 primum,
660 2029 709 2100 qui
730 2045 765 2086 ex
785 2028 911 2099 antiquis
925 2027 1113 2102 scriptoribus
1127 2025 1238 2101 aliquid

237 2106 269 2163 ad
298 2106 511 2177 insequentium
537 2122 620 2163 usum
645 2111 841 2178 expromeret,
866 2105 976 2178 aliquid
1000 2106 1063 2179 ipse
1089 2105 1177 2163 ctiam
1202 2119 1238 2162 ex

238 2182 277 2242 his
298 2181 424 2241 fontibus
446 2181 519 2241 bene
540 2183 707 2255 corrigeret.
747 2182 931 2241 Temerarias
953 2183 1015 2242 eius
1034 2182 1237 2252 correctiones,

236 2275 349 2319 numero
369 2260 480 2333 plures,
506 2259 554 2331 qui
574 2275 674 2317 rursus
695 2261 841 2332 expunxit,
863 2258 1005 2333 (llarhius,
1032 2259 1077 2317 vir
1097 2273 1238 2331 gramma·

238 2338 308 2396 ticae
330 2335 482 2396 doctrinae
502 2337 703 2408 peritissimus,
724 2337 871 2408 ingenium
892 2335 998 2407 ubique
1018 2335 1117 2410 prodit
1129 2336 1182 2394 tali
1194 2335 1238 2393 la-

237 2412 293 2474 bori
321 2420 353 2472 et
377 2414 454 2473 omni
475 2413 625 2472 severitati
646 2413 764 2472 criticae
784 2428 891 2486 operae
916 2413 1050 2470 ahenum.
1091 2413 1120 2470 Is
1147 2412 1237 2483 igitur

237 2492 438 2550 anctoritatem
464 2490 634 2562 lectionum,
661 2506 735 2561 quae
756 2489 872 2562 quidem
893 2504 929 2546 ex
948 2491 1070 2547 vetustis
1098 2488 1236 2560 exemplis

236 2569 292 2640 peti
305 2567 443 2637 debebat,
456 2567 561 2639 omisit,
577 2572 726 2643 contentus
741 2565 803 2626 iere
816 2582 908 2639 parva
920 2565 971 2623 illa
984 2567 1136 2636 varietate,
1151 2579 1237 2635 qnam

235 2643 384 2718 Appendix
410 2643 571 2714 vulgarium
598 2644 665 2703 olim
692 2643 866 2715 editionum,
893 2646 923 2701 et
944 2642 1108 2716 Stephanus
1127 2640 1237 2699 Barne-

236 2723 347 2795 siusqne
369 2720 530 2791 dederant;
551 2719 589 2778 ad
608 2721 794 2779 Eustathium
814 2721 860 2779 vel
880 2719 996 2778 Scholia
1015 2720 1110 2778 rarius
1136 2716 1237 2776 dever-

236 2799 276 2872 tit,
296 2798 347 2857 ubi
369 2797 421 2856 alii
440 2797 611 2869 haeserant,
639 2803 690 2856 aut
709 2798 773 2870 ipse
793 2797 954 2856 sententiae
982 2813 1052 2856 suae
1077 2794 1238 2869 quaerebat

237 2881 396 2945 auctorem3
417 2874 531 2947 reliqua
551 2875 671 2945 leviter,
692 2880 722 2933 et
741 2875 859 2946 leniter,
879 2874 1010 2947 miraque
1029 2872 1237 2944 moderatione,

235 2957 264 3009 nt
288 2966 492 3022 nonnunquam
511 2952 557 3011 vel
577 2952 606 3008 in
626 2951 713 3009 meris
734 2952 853 3025 ineptiis
873 2951 1008 3010 Barnesii
1026 2951 1098 3009 nihil
1110 2951 1166 3009 nisi
1180 2952 1237 3006 ido·

237 3048 310 3084 neam
330 3031 464 3083 rodonem
484 3026 640 3086 desideret.
679 3027 745 3086 Alio
766 3029 860 3086 animo
882 3034 911 3086 et
931 3027 1080 3087 doctrinae
1094 3032 1240 3101 apparatu
1354 3079 1358 3092 ,

241 3105 275 3162 ed
300 3103 494 3178 repetendum
521 3104 706 3163 (llarlrianum
737 3105 898 3179 exemplum
928 3106 1052 3164 accessit
1075 3104 1238 3176 Ernestius,

240 3182 290 3240 etsi
309 3198 368 3242 uon
390 3187 509 3254 sponte,
534 3182 587 3240 sed
612 3181 724 3240 librarii
745 3183 790 3240 sni
810 3181 966 3240 voluntate.
1007 3182 1238 3253 Quamobrem

238 3272 297 3316 eum
317 3258 413 3330 magis
434 3256 635 3317 admirandum
655 3263 725 3332 puto
746 3259 777 3316 in
796 3256 924 3318 ornando
944 3258 1000 3319 hoc
1019 3259 1115 3317 alieno
1140 3273 1238 3333 opere,

235 3349 316 3406 quam
338 3335 513 3409 inpropriis
535 3334 717 3407 quibusdam,
738 3352 812 3407 quae
832 3337 1003 3396 contentiori
1024 3336 1121 3395 studio
1134 3352 1239 3409 perpe·

236 3410 303 3471 livit.
344 3412 402 3470 Hic
422 3417 528 3484 tamen,
549 3412 599 3484 qui
619 3418 650 3470 et
669 3410 850 3473 conferendis
870 3412 1002 3485 pluribus
1021 3411 1104 3471 libris
1125 3419 1237 3472 atvero
1252 3434 1276 3473 ιι

234 3490 318 3548 etiarn
340 3487 511 3562 iudicando,
531 3488 562 3546 id
583 3489 660 3560 quod
679 3490 778 3547 multis
799 3490 869 3548 locis
889 3490 1055 3549 acutissime
1075 3488 1158 3562 facit,
1179 3506 1238 3549 orn·

233 3565 307 3624 nium
328 3565 439 3638 optime
460 3564 497 3624 de
516 3566 641 3625 lectione
654 3566 810 3625 Homerica
823 3567 938 3640 meruit,
958 3565 1036 3625 idem
1050 3565 1168 3624 videbat
1180 3567 1238 3637 sig·

233 3640 423 3713 nificabatque
445 3642 475 3698 in
488 3641 615 3702 Praefat.
636 3642 699 3702 Vol.
721 3643 766 3716 V,
786 3649 924 3715 qnantum
943 3660 1030 3716 porro
1049 3641 1238 3702 laborandum

234 3726 317 3793 essct,
340 3719 410 3777 dum
430 3719 597 3792 contingere
610 3725 712 3792 posset
726 3726 841 3794 poetae,
861 3726 895 3778 ut
908 3719 946 3778 ab
959 3720 1036 3778 omni
1049 3723 1133 3792 parte
1147 3735 1236 3792 purus

234 3800 263 3854 et
282 3794 454 3855 emendatus
474 3795 617 3869 prodiret.
658 3796 783 3857 Tantum
802 3797 906 3856 aberat
925 3795 975 3854 ille
995 3809 1166 3869 aperuersa
1177 3796 1238 3868 opi·
