3034 4434
717 535 895 590 -100-

304 687 435 747 revocari
454 691 553 760 potest
570 685 663 744 maior
690 697 826 741 numerus
851 683 1062 742 illiteratorum.
1102 681 1206 754 Neque
1226 683 1307 742 illam

305 765 377 824 satis
396 768 500 824 norant
521 762 697 821 Graecorum
712 758 889 827 doctissimi:
910 759 1037 831 alioquin
1050 758 1209 819 Homerum
1223 776 1308 819 suum

305 846 336 900 et
354 841 447 899 lenius
467 840 690 913 vituperassent,
709 852 765 895 nec
784 841 866 895 tanto
880 852 1022 896 consensu
1036 837 1064 894 ei
1077 837 1203 896 omnium
1216 838 1308 896 maxi·

304 933 416 977 marum
434 932 532 976 rerum
552 916 703 975 scientiam
722 913 901 973 tribuissent.

381 994 446 1054 Hoc
469 994 519 1065 qui
537 991 660 1051 fecerint
680 995 710 1050 et
730 989 891 1062 quomodo,
917 1006 970 1063 per
990 990 1086 1050 omnia
1105 992 1224 1050 saecula
1242 1007 1310 1065 per-

304 1071 395 1144 sequi,
415 1069 567 1142 fontesque
587 1075 617 1128 et
635 1069 743 1128 rivulos
765 1068 940 1140 allegoricae
959 1068 1211 1141 interpretationis
1224 1068 1307 1128 inda·
1350 1120 1352 1123 ,

305 1163 385 1221 gare,
404 1148 509 1220 longae
521 1147 660 1222 historiae
673 1145 798 1204 materia
812 1148 864 1202 est.
898 1143 1032 1203 Socrates
1048 1145 1175 1218 quidem,
1189 1148 1308 1221 sapiens

303 1225 458 1298 inprimis
483 1224 609 1295 sobrius,
638 1223 718 1282 illam
741 1238 800 1281 non
832 1220 889 1278 nisi
919 1220 1046 1281 ludendo
1076 1224 1189 1296 attigit;
1222 1239 1309 1296 quem
1360 1239 1363 1245 ·

252 1318 290 1361 ror
304 1300 409 1360 deinde
430 1300 639 1373 quodammodo
659 1305 775 1358 secutus
796 1302 842 1356 est
861 1296 956 1368 Plato,
978 1298 1029 1356 ubi
1047 1301 1230 1373 populariter
1242 1300 1309 1372 phi-

303 1376 523 1453 losophaturill.
562 1378 603 1436 At
622 1377 700 1435 idem
719 1377 750 1433 in
771 1391 805 1434 eo
826 1391 924 1447 opere,
945 1375 975 1431 in
989 1390 1045 1447 quo
1059 1393 1171 1436 morum
1183 1378 1309 1449 optimo·

303 1472 367 1519 rum
388 1462 418 1514 61
437 1455 561 1515 civitatis
582 1453 713 1513 omnibus
732 1451 865 1526 partibus
886 1448 1034 1525 perfectae
1049 1455 1197 1527 exemplar
1211 1451 1308 1514 doior-

303 1533 405 1605 mavit‚
430 1534 508 1591 clare
533 1529 691 1604 significat,
720 1529 777 1588 sibi
803 1544 838 1587 ea
862 1545 920 1587 non
944 1528 1037 1588 videri
1065 1546 1134 1590 vere
1159 1532 1256 1590 inesse
1277 1532 1308 1588 in

302 1609 445 1681 Homero,
469 1625 544 1682 quae
570 1608 728 1680 allegorica
751 1607 810 1664 ista
828 1606 904 1664 ratio
925 1610 1095 1665 ostentaret.
1134 1607 1197 1666 Iam
1218 1624 1307 1680 quum

302 1687 491 1760 philosophus
510 1686 569 1758 ille,
589 1685 708 1759 primus,
728 1687 762 1742 ut
780 1682 863 1740 nobis
884 1682 1009 1756 videtur,
1030 1700 1066 1742 ex
1087 1684 1198 1757 aliquot
1220 1700 1308 1758 gene-

303 1763 397 1835 ribus,
428 1763 551 1821 maxime
581 1762 708 1833 scenico,
738 1760 871 1833 poeticae
902 1761 959 1818 arti
987 1766 1122 1820 naturam
1152 1759 1307 1835 affingeret

300 1839 428 1918 paparo,
454 1840 533 1898 leves
554 1845 651 1897 autem
670 1841 789 1910 putaret
809 1841 840 1894 et
859 1833 951 1894 fluxas
976 1853 1025 1896 res
1046 1854 1125 1911 esse,
1150 1838 1180 1896 in
1202 1838 1307 1911 quibus

301 1916 486 1994 1116661666
505 1920 679 1986 versaretur,
701 1913 903 1985 (stabilitatem
923 1915 998 1972 enirn
1020 1920 1049 1974 et
1068 1916 1223 1974 veritatem
1236 1916 1306 1975 solis

301 1992 376 2052 ideis
396 1995 456 2052 suis
475 1991 645 2063 tribuebat)
664 1990 740 2048 hanc
759 1994 860 2062 artem,
881 1995 983 2064 utpote
1004 1992 1091 2050 tertio
1106 1991 1200 2065 gradu
1212 2009 1307 2051 remo·

301 2075 362 2129 tam
382 2086 400 2129 a
413 2068 533 2128 coelesti
546 2068 678 2137 veritate,
699 2069 793 2141 ipsam
806 2082 919 2139 quoque
934 2083 1037 2126 vanam
1050 2068 1302 2128 contemnendam-

301 2162 358 2217 que
378 2151 409 2204 et
427 2161 546 2219 pravam
565 2145 735 2216 magistram
754 2145 832 2203 vitae
854 2159 918 2201 esse
939 2142 1156 2205 demonstrabat
1164 2143 1212 2217 96).
1248 2147 1306 2204 Ita-

301 2239 357 2294 que
382 2229 413 2281 et
436 2221 594 2281 Homerum
618 2227 648 2280 61
672 2221 811 2293 Tragicos
837 2237 901 2278 cnm
927 2223 1004 2280 omni
1029 2238 1119 2295 grege
1152 2219 1304 2300 ‘adprdoia

301 2299 448 2388 Ι6666616
469 2305 499 2357 61
517 2298 692 2388 musicorum
712 2314 748 2356 ex
768 2297 974 2387 nova'civitatc
989 2299 1096 2360 eduxit
1155 2299 1304 2388 rimariam

295 2319 375 2435 illius
405 2381 578 2435 sententiam
610 2374 647 2433 de
677 2380 741 2434 arte
774 2379 889 2448 po'etrca
915 2376 1044 2448 suscepit
1072 2375 1247 2435 Aristoteles
1274 2393 1303 2433 rn

298 2453 525 2514 celebratissimo
544 2453 653 2522 libello,
673 2457 834 2511 correctam
854 2451 970 2523 quidem
983 2453 1093 2524 passim
1106 2469 1125 2512 a
1137 2468 1178 2525 se,
1199 2469 1300 2511 verum

297 2547 334 2589 ne
355 2530 533 2602 sicquidem
554 2530 735 2602 explicatam,
755 2533 789 2587 ut
808 2528 911 2600 cuique
931 2531 1033 2601 generi
1046 2529 1210 2589 carminum
1232 2530 1304 2588 satis

299 2609 480 2668 conveniret:
506 2607 581 2666 adeo
608 2605 814 2664 didascalicum
839 2621 929 2678 genus
951 2607 987 2665 ab
1009 2623 1182 2680 enprorsus
1204 2608 1300 2666 exclu-

299 2684 385 2743 ditur.
434 2685 536 2755 Neque
572 2688 639 2756 post
661 2682 850 2741 Aristotelem
882 2683 1033 2755 quisquam
1062 2683 1301 2758 philosophorum

246 2777 283 2819 res
298 2777 396 2821 veram
416 2761 473 2819 vim
492 2761 570 2818 illius
591 2760 663 2819 artis
684 2765 735 2818 aut
753 2760 922 2819 historicam
935 2759 1208 2834 interpretationem
1221 2767 1302 2820 recte

297 2843 448 2897 assecutus
474 2837 597 2896 videtur.
641 2836 718 2896 Nam
743 2835 812 2894 dum
837 2836 976 2911 Epicurei
1000 2854 1113 2897 omnem
1143 2838 1247 2910 poesin
1273 2844 1304 2895 et

297 2914 435 2973 musicam
454 2914 635 2987 reiiciebant,
656 2912 859 2985 negabantque
880 2913 932 2971 sub
946 2913 1067 2973 Homeri
1086 2913 1192 2972 tabulis
1206 2915 1301 2974 latere

269 3052 272 3062 ,
298 2991 467 3061 doctrinam,
488 2996 604 3049 ceterae
624 2995 722 3049 sectae
741 3006 846 3062 magno
867 2989 963 3048 studio
985 2991 1023 3049 ad
1036 2998 1151 3051 veteres
1166 2987 1300 3056 ὑπονοίας

297 3067 493 3140 recurrebant,
522 3067 612 3126 Stoici
631 3067 790 3140 inprimis,
815 3067 902 3136 Zeno,
925 3066 1087 3140 Cleanthes,
1109 3068 1299 3142 Chrysippus,

298 3160 334 3202 ex
353 3159 473 3216 quorum
493 3145 609 3216 scriptis
628 3144 781 3203 maximam
802 3149 916 3217 partem
937 3160 973 3202 66
992 3151 1059 3202 sunt
1077 3146 1198 3218 hausta,
1225 3161 1302 3217 quae

296 3220 467 3280 Heraclides
481 3238 504 3280 6.
519 3220 694 3292 Heraclitus,
716 3221 869 3292 Cornutus,
888 3219 1060 3280 Eustathius
1075 3221 1208 3281 afferunt.
1240 3223 1302 3280 illis

297 3304 394 3357 autem
414 3314 445 3356 se
459 3297 595 3372 opposuit
607 3297 805 3368 Aristarchus,
824 3296 921 3358 verbis
934 3302 1040 3371 poetae
1054 3298 1161 3371 ubique
1174 3297 1304 3359 fideliter

363 3461 399 3527 ²⁵)
416 3460 576 3518 DeSoorate
594 3460 706 3528 insignis
722 3461 797 3515 locus
817 3466 858 3515 est
875 3459 1195 3530 inXenoph.Memorab.
1208 3459 1230 3530 I,
1240 3465 1265 3528 3,
1276 3460 1301 3515 7.

294 3529 339 3583 Ex
360 3530 472 3584 Platone
493 3529 585 3596 plures
607 3528 701 3583 laudat
725 3528 861 3585 Schowius
883 3530 918 3584 ad
935 3528 1071 3583 Heraclid.
1090 3528 1180 3596 Alleg.
1198 3545 1225 3596 p.
1240 3532 1300 3583 223.

295 3598 391 3668 quibus
409 3602 518 3666 praeter
534 3597 601 3652 61166
618 3597 716 3652 mnltos
735 3596 875 3652 addendus
894 3603 936 3652 est
953 3598 1040 3653 Alcib.
1059 3597 1095 3650 11.
1113 3613 1140 3665 p.
1161 3599 1219 3654 147.

354 3685 390 3753 26)
400 3683 549 3751 Praecipue
558 3681 665 3750 legendi
677 3689 739 3737 sunt
748 3684 874 3739 studiosis
886 3690 941 3741 tres
952 3685 1014 3740 libri
1026 3685 1059 3740 de
1071 3684 1139 3751 Rep.
1152 3682 1187 3738 ΙΙ.
1200 3683 1295 3738 111.x.

295 3754 410 3812 maxime
428 3769 445 3807 a
461 3768 489 3823 p.
507 3755 565 3808 603.
583 3766 644 3807 cum
661 3750 698 3807 ll.
716 3752 749 3808 de
767 3752 853 3822 Legg.
872 3769 890 3807 a
906 3769 933 3822 p.
952 3757 1012 3810 668.
1156 3766 1158 3771 ·
