3034 4434
630 508 806 563 -155-

158 700 160 721 ,
221 656 298 729 saris,
324 672 384 715 non
408 660 505 714 tamen
529 671 593 714 eam
612 655 669 712 vim
688 655 805 727 habere,
826 664 859 717 ut
877 659 1038 721 Aristarchi
1065 662 1169 721 marita
1187 663 1218 721 in

158 726 160 775 l
218 724 369 793 Homerum
386 732 544 804 explorate,
565 737 594 791 et
613 737 711 792 nostro
731 733 828 806 potius
849 753 934 808 quam
954 744 1092 798 veterum
1111 738 1217 800 iudicio

218 809 251 869 ad
269 825 370 868 verum
389 824 566 868 revocemus.
987 830 990 834 >

641 968 782 1045 XLIX.

290 1119 404 1178 Eadem
423 1116 539 1177 fortuna
559 1117 761 1190 conquerenda
779 1116 862 1176 nobis
884 1121 978 1178 estin
998 1122 1054 1193 iis,
1085 1139 1159 1194 quae
1179 1123 1217 1182 ad

215 1196 433 1256 celeberrimum
446 1197 547 1251 chelam
560 1194 722 1253 Aristarchi
734 1196 889 1267 portinent
916 1196 970 1255 lllo
982 1199 1060 1256 enim
1074 1205 1217 1261 armatum

216 1289 278 1333 eum
292 1273 474 1332 severissime
494 1273 619 1331 omniurn
638 1288 756 1330 munere
776 1287 846 1330 snae
860 1273 931 1331 artis
945 1271 1086 1346 functum,
1107 1277 1216 1349 talique

214 1351 294 1424 signo
316 1366 400 1408 usum
421 1364 486 1408 esse
508 1347 545 1406 ed
565 1364 665 1407 versus
684 1353 790 1422 poetae
810 1348 964 1422 splendore
978 1350 1124 1423 indignos,
1146 1355 1215 1426 sive,

213 1434 244 1488 rt
270 1428 341 1488 olim
365 1425 570 1498 loquebantur,
595 1421 884 1502 παρεμβεβλημένους
903 1424 1127 1500 confodiendos,
1153 1431 1216 1488 uni·

213 1520 297 1564 versa
315 1504 473 1575 antiquitas
493 1507 627 1561 testatur.
666 1501 763 1574 Atque
782 1502 934 1575 iiquidem
948 1510 1080 1562 veterum
1094 1506 1216 1578 scripto·

212 1597 283 1654 rum,
305 1581 355 1653 qui
375 1581 449 1638 hane
462 1596 524 1638 rem
536 1579 635 1652 paullo
649 1580 796 1651 attingunt
808 1579 986 1653 diligentius,
1006 1597 1066 1640 non
1079 1580 1215 1655 ambigue

211 1655 380 1732 significant,
400 1656 516 1715 obolum
531 1655 568 1715 ab
580 1655 750 1714 Aristarcho
764 1658 856 1726 primo
878 1656 916 1714 ad
937 1658 1117 1717 notationem
1129 1659 1213 1718 istius

212 1735 326 1807 generis
341 1731 555 1804 adhibitumil);
568 1732 625 1790 nisi
638 1730 712 1792 forte
722 1738 819 1805 putas,
833 1733 940 1792 similes
956 1735 1139 1807 superiorum
1153 1735 1215 1794 Ori·

211 1811 333 1872 ticorum
357 1817 440 1870 notas
467 1811 635 1870 obscuratas
662 1815 692 1868 et
718 1809 902 1869 oblitteratas
923 1826 988 1869 esse
1007 1810 1214 1871 Aristarcheis.
1229 1824 1269 1866 ass

212 1887 295 1960 Quod
314 1892 348 1945 ut
365 1886 500 1945 facillimo
521 1886 655 1959 concedo,
675 1902 713 1944 ne
730 1887 830 1960 inepte
848 1888 983 1960 pertinax
1001 1889 1056 1947 sim
1073 1889 1104 1946 in
1117 1905 1151 1947 re
1164 1889 1214 1950 ob·

212 1981 305 2033 scura,
325 1964 368 2023 ita
391 1964 507 2022 minime
528 1962 718 2026 dubitandum
738 1963 873 2037 arbitror,
894 1964 963 2037 quin
983 1965 1062 2025 obeli
1080 1963 1214 2039 frequen-

211 2042 340 2102 tissimus
362 2047 392 2099 et
410 2042 559 2100 technious
580 2058 649 2100 usus
669 2042 837 2101 auctoritati
857 2041 1023 2102 Aristarchi
1043 2043 1213 2104 tribuendus

212 2119 257 2178 sit.
299 2118 374 2176 Nam
388 2118 443 2176 etsi
458 2123 488 2177 et
500 2117 666 2176 Zenodotus
680 2121 711 2174 et
722 2117 933 2191 Aristophanes
947 2121 1065 2193 saepius
1079 2120 1214 2180 dicuntur

212 2194 321 2268 aliquid
341 2191 492 2273 ἀθετῆσαι,
514 2198 544 2251 et
562 2195 643 2267 prior
664 2194 751 2252 etiam
771 2193 918 2254 infamiam
937 2197 1006 2255 inde
1026 2198 1106 2270 cepit
1124 2199 1214 2258 maxi·

212 2288 295 2344 mam,
315 2271 416 2330 horum
432 2277 528 2329 tamen
550 2271 646 2329 neutri
657 2269 730 2328 illud
743 2271 857 2343 signum
870 2269 1043 2350 ἀθειήσεως
1056 2275 1142 2347 plane
1162 2276 1214 2332 tri-

212 2347 309 2407 buitur
335 2347 372 2406 ab
393 2348 451 2406 ullo
471 2347 626 2420 scriptore,
653 2351 774 2418 excepto
799 2364 856 2406 uno
886 2349 963 2421 loco,
989 2365 1073 2421 quem
1093 2355 1214 2423 propter

212 2426 297 2484 eliam
318 2440 431 2497 quoque
453 2440 569 2483 oausam
588 2440 641 2496 pro
654 2422 793 2482 mendoso
807 2423 901 2483 habeo
911 2424 957 2496 ³⁸).
983 2426 1016 2483 In
1030 2426 1130 2498 primis
1144 2443 1212 2486 vero

311 2598 354 2660 Ὡς
372 2599 398 2653 δ’
419 2601 467 2653 ὅτε
485 2602 540 2669 πῦρ
558 2599 602 2651 ἐπὶ
619 2599 718 2651 πόντον
737 2599 889 2668 ἀριπρεπές
906 2598 999 2669 αἰθέρ’
1018 2597 1114 2670 ἵκηται.
1211 2602 1214 2608 ’

212 2668 254 2724 Ita
272 2671 358 2748 lquor}
375 2667 449 2722 dedit
466 2683 516 2735 pro
532 2671 604 2733 farno
613 2687 621 2729 ;
641 2672 668 2720 et
687 2666 747 2735 quis
757 2683 812 2721 non
823 2682 885 2721 eum
896 2667 1093 2747 ineptissimum
1106 2667 1216 2738 diceret,

212 2738 267 2806 qni,
286 2752 309 2791 si
326 2737 370 2790 hro
388 2751 481 2816 uersus
500 2737 580 2817 vulgo
598 2736 783 2815 lectus'esset,
802 2735 836 2789 ab
855 2741 968 2816 antiquo
980 2734 1063 2790 fietus
1074 2736 1217 2816 rhapsodo,

212 2807 335 2872 altamrm,
354 2821 400 2873 qur
418 2820 489 2859 nuno
505 2804 612 2872 legitur,
636 2804 713 2858 nobrs
731 2802 861 2858 offerret?
888 2804 992 2858 cuseos
1013 2804 1065 2858 hoe
1083 2819 1218 2874 specimen

211 2875 259 2942 sit,
284 2873 356 2942 quod
374 2873 470 2927 doceat
488 2873 580 2940 simul,
603 2888 684 2994 gnam
701 2887 828 2926 reverens
845 2872 890 2926 ille
913 2872 997 2926 fuerit
1018 2872 1139 2928 codicum
1157 2889 1218 2930 suo·

211 2957 277 3011 rum,
297 2957 379 3011 quem
395 2941 529 2995 interdum
546 2942 602 2995 hau
632 2941 700 2994 lenis
710 2947 858 2994 corrector.

279 3028 316 3093 37)
333 3027 375 3080 Ne
392 3032 513 3094 repetam
531 3027 622 3095 paullo
640 3032 702 3081 ante
719 3033 896 3096 memoratos,
920 3026 1041 3082 sufficiat
1061 3029 1114 3084 duo
1132 3035 1217 3084 testes

212 3096 284 3163 dare,
304 3095 435 3149 Galerium
453 3095 481 3147 in
498 3095 553 3163 Hip
590 3111 629 3149 cr.
645 3095 678 3150 de
697 3093 759 3150 Nat.
772 3095 841 3149 hom.
854 3099 878 3150 2.
894 3097 925 3150 Τ.
937 3095 970 3150 V.
986 3113 1013 3166 p.
1033 3099 1073 3154 17.
1091 3093 1216 3168 Σημεῖόν,

211 3163 226 3215 b
246 3164 376 3217 rualodum
396 3163 510 3229 ὀβελόν,
536 3183 582 3248 ρῳ
609 3164 712 3235 σημείῳ
731 3163 775 3214 καὶ
792 3163 966 3249 Ἀρίσταρχος
983 3166 1133 3246 ἐχρήσατο.
1146 3167 1218 3237 πρὸς

211 3233 288 3292 τοὺς
319 3233 630 3295 όποπτευομενους
660 3232 716 3284 ὑπ’
746 3231 852 3286 αὐτόν
877 3251 1032 3306 στιχους.
1067 3234 1215 3289 humanum

210 3315 260 3368 pro
277 3300 380 3369 Imagg.
399 3304 441 3354 24.
460 3299 490 3353 T.
509 3300 543 3353 Π.
562 3316 589 3369 p.
608 3303 667 3355 504.
699 3298 725 3352 ‘0
744 3300 783 3352 τὰ
801 3301 884 3354 νόθα
903 3303 1142 3372 ἐπισημηνάμενος
1158 3308 1215 3355 τῶν

210 3369 281 3422 ἐπῶν
306 3376 343 3441 τῇ
368 3373 540 3448 παρᾳγραφῇ
563 3374 622 3449 τῶν
644 3368 759 3433 ὀβελῶν.
784 3368 847 3448 ‘Hic
871 3380 904 3424 ne
930 3371 1089 3424 nominatim
1107 3369 1216 3438 quidem

209 3437 438 3559 {appellatetumrqur
455 3436 522 3517 illud
540 3436 653 3557 ieeemttg
668 3436 735 3516 adeo
753 3435 866 3516 luntres
884 3438 1031 3560 celebrisiit
1044 3436 1217 3560 ceteffide

210 3521 307 3629 ridel
326 3520 577 3628 disllffnislgdh
595 3520 699 3628 llll}
717 3520 1047 3645 lllllllllhflql
1068 3522 1087 3574 Ρ
1089 3522 1104 3560 ⁰
1185 3521 1216 3562 ⁰⁸

278 3661 315 3727 ⁸⁸)
332 3660 365 3713 In
381 3660 437 3714 Fra
483 3701 488 3712 .
501 3659 697 3727 Annotationis,
716 3659 869 3728 praeposito
882 3660 944 3714 olim
957 3658 1045 3714 codici
1057 3657 1133 3726 Ven,
1144 3659 1215 3728 quod

210 3722 312 3782 editum
331 3734 372 3782 est
390 3730 418 3781 in
459 3726 503 3781 ibl.
523 3727 658 3796 Goetting,
676 3735 741 3783 vett
753 3727 804 3782 litt.
818 3727 839 3781 1.
857 3745 884 3797 p.
897 3732 938 3783 69.
971 3722 1022 3779 Τὸν
1044 3726 1142 3793 ὀβελόν
1155 3729 1216 3781 ἐλά·
