3034 4434
639 542 816 597 -101-

226 689 443 764 inhacrendum,
465 695 495 749 et
514 690 598 749 istam
613 689 773 749 doctrinam
783 706 877 749 meras
892 706 984 763 nugas
998 674 1062 748 esse
1075 687 1227 764 putansll).

224 770 324 843 Neque
345 783 416 828 vero
437 766 598 826 Aristarchi
618 767 775 826 auctoritas
796 783 814 826 a
833 769 986 841 nugatorio
1000 767 1095 826 studio
1109 765 1229 825 deduxit

223 845 425 920 philosophos,
451 860 571 916 quorum
598 845 687 903 etiam
707 843 923 916 insequentibus
944 844 1066 904 saeculis
1086 842 1148 902 iere
1166 843 1229 901 nul-

223 925 266 982 lus
287 922 358 994 fuit,
384 921 433 994 qui
459 938 515 980 non
536 921 662 980 Homero
683 917 831 1000 ἀπόῤῥητα
851 920 993 994 quaedam
1012 922 1059 979 vel
1078 926 1159 979 certe
1179 919 1228 979 de·

222 1004 304 1058 creta
326 1004 427 1058 sectae
447 1013 518 1056 suae
545 997 723 1058 obtruderet.
764 997 839 1057 Hinc
858 996 953 1057 facete
974 996 1142 1068 Senecam:
1169 996 1228 1072 Ap-

222 1081 309 1150 paret
329 1075 402 1134 nihil
421 1074 523 1134 hornm
544 1090 608 1134 esse
628 1076 658 1133 in
677 1075 736 1147 illo,
757 1075 803 1133 cui
823 1075 918 1134 omnia
937 1075 1047 1134 insunt:
1076 1073 1133 1133 ista
1153 1075 1228 1134 enim
1286 1103 1292 1112 ι

223 1156 300 1213 inter
322 1168 354 1212 se
375 1151 526 1211 dissident.
566 1151 735 1224 Eodemque
754 1152 882 1225 pertinet
906 1152 1052 1224 quaestio,
1079 1167 1116 1210 an
1136 1151 1228 1226 philo·

222 1230 333 1304 sophus
353 1224 443 1288 inerit
461 1233 558 1303 poeta,
578 1233 705 1288 tractata
724 1227 948 1301 illaPavorino,
972 1228 1113 1302 Longino,
1135 1228 1227 1288 Oeno

220 1323 287 1366 mac
308 1312 340 1365 et
360 1306 434 1364 aliis.
474 1306 507 1364 In
528 1321 585 1378 qua
605 1305 747 1378 quomodo
768 1312 900 1365 versatus
921 1306 959 1364 sit
977 1305 1164 1380 Porphyrius,
1191 1322 1227 1364 ex

222 1385 283 1442 eius
304 1382 429 1442 Scholiis
458 1388 488 1441 et
514 1399 643 1442 seorsum
670 1382 756 1442 editis
778 1383 923 1456 opusculis
944 1389 1075 1456 apparet.
1114 1383 1226 1456 Nempe

221 1477 256 1520 ex
276 1461 333 1521 hoc
353 1466 485 1533 tempore
505 1460 627 1518 maxime
647 1459 818 1519 relabuntur
832 1459 938 1519 Graeci
951 1459 980 1517 in
993 1460 1073 1517 illum
1085 1459 1225 1532 morbum,

223 1543 256 1596 ut
275 1536 384 1609 ubique
405 1535 560 1609 allegorias
581 1536 641 1594 sive
662 1537 837 1609 anagogicas
858 1537 918 1595 sive
931 1536 1083 1595 historicas
1097 1541 1225 1609 captent.

224 1615 315 1674 Hisce
336 1613 425 1673 armis
445 1613 603 1672 Homerum
617 1613 737 1673 Pnoclus
758 1612 933 1673 defendebat
946 1617 1046 1672 contra
1059 1613 1224 1684 Platonem,

222 1693 263 1751 ita
278 1691 443 1764 Simplicius
463 1690 493 1748 in
512 1688 617 1749 fabulis
637 1688 882 1768 παραπετάσματα
902 1705 989 1748 verae
1009 1690 1171 1762 sapientiae
1184 1690 1224 1747 vi-

223 1768 326 1842 debat;
346 1769 390 1825 ita
410 1766 535 1839 denique
556 1765 652 1826 infime.
672 1773 780 1839 aetate,
800 1782 836 1825 ne
850 1767 947 1840 plures
959 1767 1113 1840 appellem,
1133 1765 1221 1825 Mich.
1237 1775 1274 1817 1⁶⁶

218 1844 505 1918 Psellus„Eustathii
519 1844 636 1917 amicus,
651 1850 681 1904 et
693 1845 874 1918 Nicephorus
886 1842 1041 1917 Gregoras,
1052 1843 1100 1901 ille
1114 1849 1222 1902 utrum·

221 1938 276 1994 que
298 1921 431 1992 Carmen,
452 1922 499 1981 hic
518 1920 632 1994 Ulyssis
654 1938 768 1982 errores
788 1918 960 1994 explicabat.
1079 1926 1080 1929 ’

627 2135 828 2211 XXXVII.

294 2307 354 2366 Sed
375 2307 412 2365 de
433 2309 558 2380 antiquis
579 2308 646 2380 illis,
667 2306 859 2378 (redeundum
880 2307 955 2366 enim
975 2306 1057 2366 nobis
1078 2321 1122 2378 eo,
1142 2303 1218 2363 unde

221 2384 346 2458 digressi
360 2389 480 2457 sumus)
501 2402 603 2459 parurn
624 2389 745 2458 constat,
767 2383 1037 2457 quomodoreliquis
1051 2382 1218 2455 interpretis

219 2459 310 2521 iuncti
331 2461 390 2519 sint
408 2459 519 2521 officiis.
560 2463 674 2536 Quippe
700 2479 749 2522 cos
769 2478 825 2521 non
845 2462 875 2518 in
894 2476 952 2518 una
971 2460 1028 2518 ista
1047 2474 1080 2516 re
1100 2473 1218 2532 operam

218 2539 334 2608 lusisse,
360 2537 412 2596 sed
432 2539 520 2597 etiam
540 2545 633 2616 artem
652 2545 757 2613 poetae
784 2544 814 2597 et
833 2539 891 2597 alia
911 2536 1052 2610 quaedam
1071 2535 1219 2593 illustrare

219 2631 376 2690 aggressos
398 2630 471 2687 esse,
493 2631 529 2674 ex
548 2615 677 2676 Platonis
697 2617 767 2676 Ione
788 2622 818 2674 et
829 2613 1008 2674 memorabili
1018 2612 1142 2685 quodam
1154 2612 1218 2670 loco

215 2691 384 2764 Aristotelis
405 2693 541 2765 coniicio,
568 2695 598 2751 in
619 2710 674 2766 quo
695 2691 728 2749 οἱ
752 2691 902 2771 ἀρχαῖοι
925 2686 1100 2770 Ὁμηρικοὶ
1119 2694 1219 2750 notan·

215 2775 271 2842 tur,
292 2775 431 2841 tanquam
451 2763 555 2829 nobilis
576 2770 646 2830 ordo
667 2769 818 2830 doctorum
837 2770 991 2840 hominum,
1016 2768 1046 2825 in
1065 2765 1220 2826 minutissi-

215 2847 269 2906 mis
289 2846 472 2905 haerentinm
493 2847 575 2919 quasi
595 2847 793 2906 Masorethica
813 2845 936 2917 curali).

296 2921 401 2981 Paullo
420 2924 522 2982 melius
544 2929 641 2982 aetate
655 2923 777 2983 Periclis
798 2925 828 2981 in
847 2923 1086 2996 interpretatione
1099 2921 1219 2981 Homeri

219 2999 387 3060 elaborasse
408 3000 541 3059 videntur
562 3000 724 3074 Sophistae,
744 3002 793 3073 qui
814 3001 917 3072 omnia,
938 3015 1012 3072 quae
1030 3007 1091 3059 tum
1104 2999 1220 3057 liberali

218 3076 316 3136 studio
338 3075 427 3148 digna
447 3077 636 3150 habebantur,
657 3077 695 3136 ad
715 3077 897 3152 disciplinam
917 3093 998 3136 suam
1017 3077 1153 3151 redigere
1173 3092 1218 3135 so-

215 3153 271 3227 liti,
291 3169 329 3212 ne
350 3155 538 3227 grammatica
559 3154 675 3226 quidem
695 3160 854 3229 praecepta
878 3160 909 3213 et
928 3154 1100 3228 optimorum
1120 3158 1219 3228 poeto·

213 3296 421 3306 ψ...-

283 3392 321 3460 at)
339 3391 409 3448 Vide
427 3392 552 3448 Eustath.
571 3408 597 3460 p.
616 3396 641 3447 3.
659 3396 700 3446 40.
719 3395 779 3448 561.
798 3394 857 3446 614.

281 3479 320 3545 ²⁸)
339 3479 427 3548 Epist.
445 3477 621 3534 LXXXVIII.
639 3493 694 3532 non
711 3477 727 3530 l.
746 3493 771 3531 a.
790 3494 831 3546 pr.

267 3565 319 3632 '²9)
337 3565 492 3645 Metephys.
510 3564 572 3618 XII.
591 3579 617 3632 p.
629 3567 687 3618 450.
706 3563 729 3616 B
750 3563 846 3618 Duvel.
863 3562 948 3644 lle.
961 3566 1040 3629 extr.)
1057 3565 1126 3644 Puto
1145 3564 1216 3644 enim

216 3651 278 3690 aum
297 3633 453 3703 Sylhurgro,
472 3633 561 3687 locum
578 3632 650 3687 hunc
668 3631 702 3686 dc
722 3634 935 3699 enarratoribus,
953 3647 1007 3686 non
1025 3631 1058 3685 de
1076 3637 1215 3686 rmntatorr-

213 3704 265 3758 bns
288 3703 402 3758 Homeri
424 3699 627 3770 intelligendum
650 3715 716 3754 csse.
753 3700 797 3755 Sic
820 3705 848 3755 et
869 3699 994 3754 Eustath.
1011 3715 1039 3767 p.
1057 3699 1116 3754 26οζ
1139 3700 1216 3768 ponit
1331 3759 1336 3768 ,

214 3773 280 3833 τοὺς
294 3770 464 3841 Ὃμηρικούς.
