3034 4434
648 519 827 573 ..35-

245 669 306 726 clare
325 666 461 739 tradunt,
483 668 658 741 compositos
679 683 697 725 a
717 666 871 740 rhapsodis
893 683 957 726 esse
977 668 1115 741 Hymuos,
1137 669 1239 741 quibus
1254 684 1291 723 rou

243 745 347 804 sollenni
367 743 542 803 recitationi
555 743 775 803 Homericorum
797 749 826 802 et
846 745 968 802 aliorum
980 745 1143 804 Carmiuum
1156 762 1240 819 prae-

241 821 370 880 luderent.
419 821 526 892 Itaquc
557 821 719 895 posteriore
743 821 774 878 in
799 821 900 894 primis
921 828 1039 881 auctore
1064 821 1156 881 fretus
1182 824 1240 882 iam

241 899 294 957 oiim
319 897 551 957 Hemsterbusio
577 897 650 956 duce
677 897 802 969 conieci,
836 914 871 956 ex
898 898 1005 957 talibus
1030 901 1185 973 prooemiis
1211 905 1241 958 et

240 973 400 1048 fragmentis
429 975 644 1047 prooemiorum
671 973 745 1032 banc
770 981 899 1033 nostram
920 973 1094 1049 farraginem
1114 977 1240 1050 Hymno·

239 1068 290 1111 rum
309 1049 469 1111 conflatam
491 1067 565 1125 esse,
586 1051 687 1110 addita
708 1067 805 1122 causa,
825 1068 882 1111 non
903 1052 1086 1124 improbabili
1105 1053 1239 1127 fortasse,

239 1144 279 1186 cur
303 1130 356 1187 illa
377 1128 494 1187 sensim
514 1144 579 1186 cum
598 1128 759 1187 Homericis
782 1127 963 1187 Carminibus
992 1129 1110 1189 confusa
1130 1129 1238 1201 sintii).

239 1205 307 1264 llibil
328 1206 418 1274 enim,
446 1211 480 1262 ut
501 1206 610 1277 opinor,
635 1202 768 1263 interfuit
788 1205 968 1263 theatrorum
987 1207 1116 1279 istorum,
1142 1209 1238 1280 explo-

238 1289 322 1341 ratum
341 1282 469 1352 habere,
497 1283 545 1339 cni
565 1283 691 1354 quidque
712 1281 867 1353 deberent,
896 1282 971 1353 quod
998 1284 1100 1341 auditu
1120 1283 1237 1355 dignum

239 1366 322 1417 esset:
342 1357 607 1417 Alexandrinorum
628 1364 726 1418 autem
746 1364 889 1431 tempore,
914 1375 1033 1430 quorum
1053 1361 1177 1418 maxime
1197 1362 1238 1417 in·

240 1435 342 1509 teriuit,
363 1436 437 1493 nihil
458 1435 574 1493 uidetur
593 1433 772 1509 superfuisse
794 1437 849 1494 nisi
870 1437 951 1493 varia
971 1443 1001 1493 et
1014 1437 1137 1495 obscura
1150 1435 1236 1509 sama,

237 1519 262 1571 ul
280 1513 317 1572 de
338 1518 385 1572 tot
405 1512 471 1571 aliis
493 1509 675 1582 ἀδεσπότοις,
702 1529 823 1584 quorum
843 1513 949 1585 partim
970 1513 1027 1570 iam
1049 1512 1125 1586 apud
1145 1512 1238 1573 Hero·

238 1588 327 1650 dotum
348 1589 461 1648 mentio
482 1587 523 1647 fit.

304 1667 443 1738 Denique
469 1666 507 1724 de
534 1666 668 1725 sollemnis
696 1667 849 1738 iustaeque
875 1666 1055 1724 recitationis
1075 1667 1188 1724 ratione
1208 1668 1238 1723 in

237 1743 352 1817 publicis
375 1743 565 1802 conventibus
587 1748 616 1801 et
636 1743 843 1802 certaminibus
864 1742 1040 1816 paucissima
1061 1748 1136 1814 suut,
1162 1757 1236 1812 quae
1251 1758 1288 1797 ror

237 1827 309 1880 certa
333 1837 434 1880 rerum
459 1817 524 1878 fide
548 1820 709 1878 tradantur.
758 1821 855 1879 Unum
881 1822 958 1877 inter
987 1835 1085 1878 omnes
1111 1824 1237 1892 constat,

236 1905 384 1970 utrumque
399 1914 469 1971 epos
485 1897 604 1956 Homeri
618 1897 731 1957 nonnisi
745 1898 945 1971 particulatim
959 1913 993 1955 ac
1007 1896 1120 1954 diuerso
1135 1895 1236 1955 ordine

237 1974 418 2035 decantatum
438 1990 512 2046 esse,
534 1979 564 2032 et
577 1975 737 2048 particulae
752 1976 857 2047 cuique
871 1976 957 2047 vudgo
970 1975 1119 2047 proprium
1132 1990 1236 2032 nomen

235 2049 373 2125 fuissem).
407 2052 454 2110 Ea
471 2051 587 2110 nomina
606 2058 721 2109 exstant
739 2058 802 2109 tum
823 2051 900 2124 apud
914 2052 1066 2109 Aelianum
1083 2056 1113 2108 et
1130 2051 1236 2110 Eusta-

236 2129 319 2189 tbium
341 2131 373 2187 in
392 2127 544 2203 principiis
561 2128 795 2202 rhapsodiarum,
817 2134 878 2186 tum
897 2128 975 2201 apud
992 2129 1064 2186 alios
1079 2128 1235 2201 scriptores

236 2223 313 2279 quam
332 2207 484 2280 plurimoS,
506 2205 555 2278 qui
574 2207 681 2279 passim
701 2205 859 2264 Homerica
878 2206 943 2264 loca
963 2205 1000 2263 ad
1020 2206 1100 2262 illum
1120 2204 1236 2263 modum

236 2286 367 2343 excitant.
408 2283 466 2342 Sed
498 2298 550 2340 eae
575 2287 674 2356 partes
701 2282 738 2340 ab
759 2282 842 2340 initio
864 2280 925 2340 fere
945 2283 1090 2354 longiores
1111 2279 1235 2354 fuerunt,

236 2377 332 2435 neque,
348 2367 382 2418 ut
396 2377 433 2418 ex
445 2359 601 2418 Eustatbio
615 2359 744 2432 colligas,
760 2376 824 2417 cnm
839 2359 1027 2418 Aristarchea
1041 2359 1236 2431 descriptione

234 2437 368 2499 librorum
389 2441 592 2509 congruentes.
623 2437 669 2494 lta
688 2433 807 2492 Ἀλκίνου
830 2433 973 2513 ἀπύλογος
992 2437 1032 2494 IV
1046 2437 1091 2493 vel
1105 2436 1130 2493 V
1146 2435 1235 2493 libros

236 2515 379 2590 Odysseae
390 2513 697 2588 complectebatm⁸1);
718 2513 795 2584 quod
807 2530 927 2587 pensum
938 2514 968 2570 in
981 2530 1039 2570 una
1053 2513 1236 2571 sollennitate

234 2672 336 2728 iactum.
374 2671 546 2741 Comparatio
564 2671 644 2741 illius,
662 2673 704 2725 uti
716 2673 844 2742 Lyricum
863 2672 985 2734 decebat,
1004 2672 1085 2725 ducta
1103 2676 1144 2724 est
1162 2685 1235 2738 age-

234 2757 292 2797 nere
313 2742 433 2796 maxime
456 2741 572 2809 illustri,
595 2741 612 2794 i.
632 2757 655 2794 e.
672 2759 688 2795 a
712 2758 787 2797 more
807 2741 1041 2796 celeberrimorum
1060 2739 1190 2793 festorum
1208 2744 1236 2791 et

233 2812 420 2934 πανηγιὲἐνεων.
456 2811 583 2864 Ceterum
601 2815 631 2863 ut
649 2809 782 2864 Pindarus
802 2809 867 2864 dicit
885 2809 1067 2880 προοίμιον
1088 2809 1178 2871 Διός,
1198 2807 1236 2861 sic

233 2878 323 2948 Thucy
354 2878 402 2933 des
420 2878 472 2945 III,
493 2882 549 2933 104.
563 2884 668 2946 partem
682 2881 800 2934 maiores
812 2878 912 2948 Hymni
924 2879 952 2931 in
960 2876 1049 2945 Apoll.
1063 2875 1111 2930 sub
1124 2876 1236 2931 Homeri

232 2947 335 3002 nomine
353 2946 475 3014 laudans,
502 2954 580 3001 vocat
598 2966 617 2999 π
650 2948 785 3010 οοίμιον
805 2947 978 3005 Ἀπόλλωνοςι
1011 2961 1064 3013 quo
1083 2945 1189 2998 nomine
1208 2955 1236 2998 et

232 3016 274 3069 ulii
291 3016 416 3085 plerique
435 3020 549 3069 utuntur
566 3016 599 3069 de
645 3017 738 3084 ymnis.
761 3016 877 3085 'Quippe
889 3015 1048 3070 vocabulum
1061 3013 1143 3078 ὕμνος
1155 3014 1236 3067 latius

232 3091 322 3206 ffitet,
347 3091 375 3138 et
399 3099 481 3152 saepe
500 3100 578 3138 omne
596 3099 680 3151 genus
700 3087 776 3138 ἐπῶν
796 3084 991 3153 complectitur.
1027 3081 1104 3136 Unde
1124 3081 1190 3136 illud
1207 3082 1235 3134 in

266 3167 281 3207 e
299 3153 382 3206 trium
400 3152 575 3222 Hymnorum,
593 3153 765 3208 manifestum
783 3154 861 3208 istius
879 3153 960 3206 moris
978 3150 1135 3218 vestigium:

327 3218 382 3273 Σεῦ
400 3222 423 3273 δ’
441 3222 496 3290 ἐγὼ
514 3219 668 3291 ἀρξάμενος
684 3223 879 3294 μεταβήσομαι
897 3219 976 3273 ἄλλον
995 3220 1024 3279 ἐς
1041 3219 1133 3283 ὕμνον.

297 3309 335 3377 ⁷⁹)
353 3307 397 3362 Ad
413 3305 526 3363 Hesiodi
544 3307 644 3377 Theog.
663 3325 690 3377 p.
709 3314 751 3365 60.
771 3309 846 3365 Conf.
864 3306 1012 3362 Mitscherl.
1032 3305 1066 3358 ad
1084 3303 1118 3357 H.
1136 3303 1164 3356 iu
1176 3301 1235 3354 Cer.

232 3381 324 3445 p.101.
344 3382 372 3430 et
385 3375 530 3431 Groddeck
543 3376 689 3430 Comment.
705 3378 738 3431 de
752 3379 920 3447 Hymnorum
932 3376 1010 3429 Hom.
1023 3371 1142 3441 reliquiis
1154 3386 1179 3439 p.
1193 3372 1234 3422 21.

298 3463 335 3530 ⁸⁰)
353 3462 445 3517 Instar
474 3462 591 3516 omnium
619 3463 696 3518 nobis
724 3471 766 3519 est
790 3463 939 3518 auctoritas
962 3459 1062 3514 veteris
1088 3455 1234 3524 scriptorio,

233 3546 310 3599 quem
329 3531 466 3599 excerpsit
483 3529 587 3585 Aelian.
604 3530 636 3588 V.
654 3533 688 3586 H.
707 3532 784 3601 XJII,
807 3538 846 3587 14.

297 3618 334 3687 ⁸1)
361 3616 438 3672 (loni.
462 3620 538 3669 recte
561 3622 713 3670 monentem
731 3613 911 3686 Twininginm
928 3615 957 3667 in
974 3612 1052 3668 Notis
1070 3608 1104 3662 ad
1121 3605 1233 3659 Aristot.

233 3683 304 3742 roa.
323 3703 351 3755 p.
369 3689 430 3742 365.
467 3682 546 3739 Addo
565 3684 726 3738 simillimum
745 3687 900 3754 exemplum
917 3678 1100 3751 ap.Herodot.
1112 3674 1148 3740 ll,
1169 3675 1234 3750 llo,

233 3752 277 3807 ubi
292 3755 322 3809 ll.
342 3756 364 3817 ζ.
383 3757 507 3821 289sqq.
525 3752 670 3806 laudantur
688 3769 722 3807 cx
739 3755 888 3824 Διομήδους
906 3748 1039 3820 ἀριστείᾳ,
1057 3757 1110 3812 quo
1128 3755 1234 3794 nomme

258 3850 342 3903 Wolt,
355 3851 527 3898 Proleaornenc.
1073 3843 1090 3880 a
