3034 4434
642 525 822 584 ..79-

231 686 278 739 tur.
318 680 425 740 Etiam
444 679 521 738 hanc
541 678 739 751 quaestionem
759 694 835 753 pono
855 685 976 752 tantum,
996 696 1052 739 non
1072 686 1234 753 pertracto:

232 765 271 817 est
283 759 363 816 enim
377 758 540 815 immensae
552 755 702 828 materiae,
718 773 772 814 nec
785 757 950 814 necessaria
963 759 1112 830 proposito
1126 764 1234 818 nostro.

231 833 344 894 Interim
366 834 446 893 duae
467 849 514 891 res
534 833 581 892 hic
594 835 695 907 paucis
710 833 898 906 attingendae
912 841 986 906 sunt,
1008 850 1082 906 quae
1095 836 1142 892 vel
1156 836 1235 895 solae

233 912 425 986 suspicionem
462 912 612 984 compagis
645 910 779 969 manibus
808 910 909 970 alienis
938 909 1033 969 factae
1059 913 1089 969 in
1112 918 1236 984 utroque

202 1022 204 1028 ·
233 988 364 1048 Carmine
385 992 593 1047 commoveant.

302 1065 440 1124 Alterius
462 1065 579 1137 generis
603 1068 669 1123 sunt
689 1064 848 1123 eminentes
868 1064 978 1137 aliquot
991 1070 1022 1124 et
1034 1065 1147 1125 hiantes
1162 1083 1237 1126 com·
1249 1073 1288 1115 1³⁰

233 1144 383 1215 missurae‚
404 1158 477 1214 quas
497 1158 551 1215 per
572 1142 648 1201 vices
668 1142 839 1214 saepissime
852 1143 996 1215 repetitae
1009 1144 1141 1202 lectionis
1153 1160 1237 1217 repe·

233 1222 286 1279 rire
300 1220 375 1278 mihi
395 1220 475 1277 visus
495 1236 566 1292 sum,
588 1224 618 1277 et
639 1218 756 1278 easdem
778 1224 808 1277 et
827 1218 930 1277 iisdem
950 1220 980 1276 in
999 1220 1080 1292 locis,
1100 1221 1184 1292 tales,
1204 1228 1237 1280 ut

234 1313 279 1356 cas
298 1314 359 1356 non
380 1312 446 1354 cum
466 1297 558 1369 primo
579 1312 668 1369 opere
688 1294 768 1354 fusas
789 1296 841 1353 sed
860 1297 1069 1369 posterioribus
1083 1299 1160 1356 curis
1173 1299 1237 1356 illa-

234 1381 275 1434 tas
296 1390 374 1446 esse,
396 1372 446 1431 ubi
466 1389 523 1431 uno
543 1377 594 1430 aut
614 1374 708 1432 altero
731 1374 862 1446 exemplo
876 1373 1119 1446 demonstravero,
1140 1391 1237 1446 quem·

233 1453 272 1510 vis
293 1452 396 1511 statim
418 1465 628 1523 concessurum,
649 1467 701 1508 seu
714 1450 812 1522 potius
825 1451 920 1523 ipsum
933 1452 1018 1524 plane
1029 1466 1178 1509 sensurum
1192 1468 1237 1510 ar-

233 1528 332 1588 bitrer.
369 1527 434 1599 Qua
453 1527 484 1585 in
502 1542 534 1585 re
554 1527 578 1586 si
592 1543 646 1601 per
658 1532 704 1586 tot
717 1527 835 1585 saecula
847 1543 931 1586 nemo
944 1527 1064 1587 offendit
1078 1529 1238 1588 eruditissi-

233 1605 520 1677 morum'lectorum‚
545 1620 632 1676 quum
656 1606 799 1662 neminem
824 1605 962 1663 mediocri
991 1605 1175 1664 sollertiam
1203 1622 1237 1664 ea

237 1683 386 1742 offendere
411 1697 469 1740 non
494 1696 581 1754 posse
603 1687 718 1754 putem,
742 1680 817 1739 haec
840 1680 964 1740 fortasse
988 1699 1046 1741 una
1066 1698 1154 1740 causa
1174 1680 1237 1755 buit,

236 1760 312 1832 quod
333 1765 479 1832 perpetua
506 1758 596 1816 series
618 1758 795 1830 carminum,
821 1763 882 1816 tum
901 1759 1063 1831 praeconiis
1083 1760 1238 1817 multorum

235 1838 411 1910 scriptorum
441 1840 502 1892 tum
532 1851 585 1893 sua
610 1836 707 1908 specie
730 1833 849 1907 fallens,
884 1837 945 1894 eius
969 1837 1013 1893 rei
1033 1836 1238 1908 cogitationem

235 1915 321 1986 longe
341 1911 504 1984 amovebat,
526 1918 555 1970 et
576 1913 643 1984 quia
663 1927 761 1972 omnes
781 1928 873 1985 prope
892 1919 997 1971 natura
1017 1914 1059 1971 sic
1078 1914 1237 1986 comparati

235 2006 348 2063 sumus,
377 1994 411 2047 ut
435 1988 578 2048 dissoluta
603 1990 778 2061 coniungere
802 1989 937 2048 libentius
958 2005 1043 2061 quam
1063 1991 1161 2049 iuncta
1180 1990 1238 2050 dis·

232 2069 346 2128 solvere
367 2065 545 2125 studeamus.

316 2144 381 2216 Quo
411 2148 542 2216 tempore
570 2144 660 2217 igitur
684 2143 757 2202 haec
777 2144 984 2216 primumcum
1004 2146 1102 2204 amicis
1123 2144 1239 2217 quibus-

238 2220 307 2279 dam
327 2219 581 2294 communicabam,
601 2220 692 2294 probe
711 2222 836 2293 memini,
856 2226 993 2293 quantum
1013 2223 1055 2279 illi
1075 2219 1240 2280 diffiderent

238 2296 455 2371 suspicionibus
480 2298 565 2369 meis,
590 2303 691 2368 totque
717 2298 897 2357 saeculorum
922 2300 1179 2372 praescriptionem
1210 2304 1239 2357 et

234 2375 384 2435 silentium
404 2380 592 2446 opponerent.
633 2374 736 2434 Paullo
756 2380 824 2448 post
843 2375 873 2432 in
893 2391 949 2435 uno
968 2377 1096 2434 locorum
1116 2376 1239 2448 illorum,

233 2454 342 2524 inquo
364 2456 495 2510 suturam
515 2451 693 2510 adventitiae
713 2453 784 2510 artis
804 2453 898 2509 latere
918 2453 1081 2525 suspicatus
1095 2469 1183 2524 eram,
1205 2467 1240 2509 ex

236 2530 388 2603 insperato
414 2529 624 2600 qualiscunque
651 2530 809 2587 auctoritas
833 2528 940 2587 veteris
961 2529 1148 2588 Grammatici
1174 2545 1240 2588 con·

243 2607 377 2666 iacturae
397 2620 480 2663 meae
501 2606 650 2663 succurrit.
690 2605 745 2663 Est
765 2606 789 2663 is
814 2606 893 2665 locus
913 2607 946 2663 Il.
968 2624 994 2662 σ.
1016 2613 1188 2675 356-368.,
1207 2610 1241 2663 ut

240 2683 390 2743 lenissime
411 2681 514 2754 dicam,
533 2680 640 2756 frigide
661 2687 690 2740 et
709 2683 808 2755 inepte
828 2683 926 2741 iacens
946 2684 1023 2741 inter
1041 2700 1089 2741 res
1103 2684 1240 2742 Troiano·

234 2777 300 2818 rum
321 2759 557 2831 Graecorumque
578 2764 609 2818 et
627 2759 704 2817 inter
723 2759 856 2818 Thetidis
868 2759 1022 2818 adventum
1035 2761 1064 2816 in
1079 2760 1240 2833 Olympum.

233 2836 281 2895 Ile
301 2837 367 2894 istis
389 2835 520 2894 versibus
540 2836 570 2894 in
590 2837 818 2896 accuratioribus
839 2836 960 2896 Scholiis
981 2839 1068 2910 longa
1082 2837 1240 2910 disputatio

236 2918 376 2987 excerpta
397 2917 443 2971 est
461 2913 604 2972 Zenodori
623 2913 781 2986 cuiusdam,
801 2913 878 2971 unde
890 2915 1077 2987 praecipuum
1097 2914 1175 2987 quod
1187 2914 1242 2974 tol·
1254 2925 1292 2967 111

238 2991 304 3064 lam,
327 2990 385 3049 hcc
406 2994 459 3062 est,
481 3006 530 3049 eos
543 3005 643 3048 versus
657 3007 715 3049 non
726 3007 762 3048 ex
775 2991 887 3064 vulgari
899 2992 1130 3065 interpolatione,
1155 3007 1210 3049 nec
1223 3008 1241 3049 a

239 3066 438 3127 Grammatico
459 3067 565 3139 aliquo,
585 3066 637 3125 sed
651 3084 669 3125 a
681 3068 782 3140 primis
796 3066 1018 3133 διασκευασταῖς
1031 3069 1142 3128 duabus
1156 3069 1242 3142 rhap-

239 3145 331 3205 sodiis
352 3143 504 3203 nectendis
525 3144 655 3203 adiectos
677 3144 793 3214 essellt.
826 3144 923 3217 Atque
944 3146 1073 3205 eiusdem
1092 3146 1168 3206 modi
1184 3163 1241 3205 em·

313 3341 351 3406 9⁷)
371 3338 605 3402 Διεσκευασμένον
630 3331 725 3393 τοῦτῶν
750 3341 797 3392 τὸν
821 3340 912 3393 τόπον.
947 3341 989 3395 De
1014 3341 1066 3396 hoc
1083 3343 1165 3396 verbo
1184 3341 1240 3393 δια-

236 3410 394 3471 σκευάζειν,
414 3406 486 3476 quod
503 3406 572 3461 male
591 3409 695 3477 accepit
713 3408 782 3462 Mer.
801 3408 913 3480 casaub.
931 3409 964 3463 de
981 3409 1060 3463 Hom.
1078 3409 1142 3465 edit.
1154 3409 1240 3463 Hack.

238 3494 264 3559 p.
280 3476 462 3557 1⁶7·.⁰9¹.¹e⁰t·
480 3475 728 3557 Almelovqpaullo
746 3493 809 3556 mox
826 3476 983 3557 videbimus.
1019 3476 1151 3556 Scholion,
1169 3477 1240 3530 unde

236 3543 1241 3693 ltttttltttidattttbtttnatalitltlttllltttt

243 3681 386 3750 Excerpta
408 3681 483 3736 MSS.
506 3680 573 3734 mhrl
592 3687 658 3735 certr
676 3682 842 3749 attulerant)
858 3697 930 3735 nunc
947 3697 975 3733 rn
992 3679 1085 3734 crdrne
1103 3679 1241 3748 vulgatum

243 3764 280 3804 ex
297 3749 366 3803 Ven.
383 3750 414 3804 B.
451 3749 504 3831 Sed
520 3748 565 3803 hic
583 3748 610 3803 in
627 3750 720 3818 primis
738 3749 920 3805 desideramus
938 3746 1116 3815 antiquiorem
1133 3750 1166 3802 A.
