3034 4434
719 545 900 598 ..44-

275 709 300 748 73
314 700 375 758 laur
400 698 425 755 si
450 696 517 755 novi
537 694 653 766 generis
679 693 823 751 scribendi
843 699 977 752 auctores
997 693 1189 768 perhibentur
1207 695 1229 752 ii
1249 695 1312 766 soli,

314 776 363 847 qui
382 775 460 832 iusta
473 771 616 831 volumina
629 769 754 829 condere
767 770 964 843 instituenmt
983 777 1017 830 ut
1030 771 1156 830 Cadmus
1168 770 1313 843 Milesius,

313 849 496 923 Pherecydes
522 847 622 920 Syrius
648 853 677 905 et
704 847 769 918 alii,
793 847 985 906 Pisistratidis
1011 849 1163 921 aequales,
1190 849 1234 912 (in
1259 849 1314 908 hoc

314 928 389 987 enim
408 923 560 984 manifeste
580 924 670 983 omnis
690 925 810 995 antiqua
829 922 907 982 fama
926 925 1084 995 convenitzl
1104 925 1135 983 id
1148 941 1256 998 magno
1270 931 1315 984 est

315 1009 499 1077 agumento,
537 1003 666 1056 librorum
699 1003 896 1079 confectiones
911 1007 942 1060 et
965 1002 1043 1076 apud
1068 1003 1154 1061 Iones
1179 1008 1211 1061 et
1235 1002 1315 1076 apud

315 1082 442 1153 reliquos
462 1079 589 1138 Graecos
608 1077 664 1136 hac
682 1078 746 1151 ipsa
767 1084 865 1136 aetate
884 1079 1010 1152 priorem
1029 1095 1087 1138 non
1104 1077 1206 1138 fuisse.

742 1290 885 1365 XVIII.

392 1466 540 1526 Hactenus
561 1465 687 1539 experiri
706 1464 857 1536 voluimus,
877 1479 934 1536 quo
953 1462 1198 1536 progrederemur
1217 1465 1316 1532 inhac

317 1544 530 1612 controversia,
553 1543 706 1601 universae
725 1542 865 1600 historiae
884 1541 1056 1600 testimoniis
1077 1539 1232 1614 adhibitis,
1258 1559 1316 1602 non

315 1621 489 1680 auctoritate
508 1619 628 1679 Homeri
649 1625 679 1677 et
697 1620 880 1690 antiquorum
904 1618 1096 1690 interpretum
1121 1618 1192 1676 eius.
1226 1619 1317 1690 ,Nunc

316 1714 371 1770 age
391 1697 576 1756 attendamus
596 1697 736 1767 animum,
762 1695 832 1766 quid
851 1695 966 1752 demum
985 1695 1015 1753 hi
1035 1695 1172 1767 afferant,
1199 1697 1319 1755 reiectis

314 1781 419 1846 tamen,
440 1775 515 1832 siout
534 1788 589 1845 par
608 1778 661 1843 est,
681 1772 727 1843 iis,
747 1772 798 1843 qui
810 1772 964 1830 vetustatis
978 1771 1115 1830 incuriosi
1129 1770 1166 1830 de
1179 1773 1319 1845 operibus

314 1852 443 1922 Homeri,
456 1849 579 1908 Hesiodi
599 1854 629 1906 et
648 1849 812 1919 aequalium
828 1847 951 1921 perinde
967 1849 1124 1921 loquuntur
1132 1853 1271 1921 tanquam
1281 1849 1319 1909 de

318 1928 465 1998 quibusvis
491 1926 574 1983 libris
598 1925 791 1983 bibliothecae
816 1940 901 1996 suae,
936 1927 982 1983 vel
1009 1923 1154 1984 scribendi
1177 1927 1319 1987 vocabulo

318 2009 438 2061 utuntur
456 2002 570 2073 vulgari
590 2017 689 2061 errore
702 2001 773 2072 stili,
785 2017 842 2060 non
856 2002 943 2060 animi
956 2002 1072 2062 iudicio.
1101 2003 1148 2060 lta
1160 2002 1225 2075 ipse
1238 2004 1318 2076 mihi,

318 2080 368 2150 qui
389 2074 505 2142 ἀοιδοὺς
523 2078 589 2136 illos
608 2094 665 2136 non
685 2078 842 2151 scriptores
861 2079 914 2136 sod
934 2075 1051 2145 ἀοιδοὺς
1061 2077 1152 2137 fuisse
1165 2080 1318 2154 contendo,

317 2155 404 2213 facile
423 2171 527 2226 passus
544 2155 598 2212 sim
617 2153 789 2226 quandoque
807 2155 879 2213 illud
896 2156 1015 2214 verbum
1035 2156 1178 2228 excidere,
1197 2172 1235 2214 ne
1246 2157 1318 2216 alte-

317 2233 378 2289 rius
393 2247 481 2305 saepe
494 2232 613 2304 repetiti
630 2232 785 2290 insolentia
798 2232 933 2292 offendat.
955 2232 1008 2292 Oui
1021 2233 1128 2293 rationi
1137 2233 1319 2293 subiicienda

316 2314 384 2366 sunt
404 2309 548 2381 permulta
566 2310 631 2369 loca
650 2314 789 2382 vetemm,
818 2310 924 2367 similia
941 2311 1016 2380 istis,
1041 2326 1116 2382 quae
1141 2311 1317 2370 mentionem

317 2386 478 2459 scripturae
497 2386 606 2445 habent
624 2387 653 2443 in
666 2385 780 2458 legibus
792 2386 929 2460 Lycurgi,
949 2403 1021 2458 quas
1034 2403 1118 2446 nemo
1133 2387 1235 2447 doctus
1249 2388 1318 2448 olim

316 2463 461 2535 scriptura
486 2463 561 2522 latas
582 2463 716 2523 credidit.
756 2464 926 2537 Eodemque
944 2462 1084 2523 referrem
1103 2469 1203 2524 notum
1222 2465 1317 2524 locum

316 2541 500 2614 Apollodori,
527 2542 558 2599 in
587 2556 643 2614 quo
671 2541 707 2598 de
729 2541 858 2600 exitiosis
877 2541 935 2598 fllia
954 2541 1097 2599 mandatis
1116 2541 1217 2600 Proeti
1236 2542 1271 2600 Π.
1291 2541 1316 2609 ζ.

320 2624 383 2676 168.
404 2634 507 2676 nomen
526 2613 678 2696 ἐπιστολῆς
697 2619 789 2691 ponit,
808 2618 981 2690 praesertim
995 2632 1081 2690 quum
1095 2617 1136 2676 ibi
1148 2635 1252 2690 parum
1267 2635 1317 2693 ap

316 2701 378 2752 tum
396 2692 500 2752 fuisset
519 2696 625 2754 exoleti
644 2695 731 2752 moris
756 2694 907 2766 indicium,
931 2710 1125 2767 negaremque
1144 2694 1317 2768 Apollodori

278 2780 303 2818 ⁷4
316 2770 372 2827 hac
399 2770 436 2826 de
460 2786 493 2827 re
518 2771 691 2829 sententiam
716 2786 751 2828 eo
770 2771 835 2830 loco
854 2771 1050 2842 quaerendam
1071 2787 1150 2844 esse,
1175 2772 1232 2830 nisi
1251 2773 1317 2847 ipsa

318 2845 406 2903 verba
421 2861 440 2902 a
453 2844 661 2916 significatione
676 2847 771 2905 iustae
785 2847 927 2919 epistolae
939 2864 1057 2921 prorsus
1071 2848 1263 2908 abhorrerent
1268 2849 1315 2923 ⁸⁶).

318 2998 409 3052 seisse.
444 2999 476 3054 ld
500 3000 636 3068 aliquanto
661 3004 724 3068 post
750 2998 831 3053 etiam
873 3013 1000 3054 ancorum
1018 2999 1070 3053 fnit
1087 3015 1122 3053 ex
1138 3015 1183 3054 rna
1220 3000 1317 3054 animis

317 3067 480 3136 Cecropidis.
515 3067 666 3123 Potuerunt
682 3067 810 3122 tamenii
880 3067 1034 3121 discendum
1051 3068 1184 3121 invitari·
1207 3069 1316 3128 oinsu

317 3141 385 3203 tuto,
402 3152 457 3191 non
474 3136 575 3205 peiore,
593 3138 696 3206 opinor,
714 3136 895 3190 elementariis
912 3135 1008 3192 libellis
1025 3136 1132 3190 nostris.

408 3222 444 3286 36)
461 3221 501 3290 Π,
525 3225 554 3289 3,
579 3226 602 3276 1.
652 3220 770 3292 Προῖτος
797 3221 897 3276 ἔδωκεν
927 3221 1116 3282 ἐπιστολὰς
1142 3222 1219 3294 αὐτῷ
1245 3224 1316 3292 πρὸς

316 3287 437 3359 Ἰοβάτην
462 3292 595 3354 κομίσειν,
618 3291 647 3342 ἐν
673 3290 716 3351 οἷς
738 3291 979 3376 &superpono
1002 3287 1229 3362 Βελλεροφόντην
1251 3293 1315 3344 ἀπο·

318 3362 435 3410 κτεῖναι·
471 3356 593 3430 Ἰοβάτης
615 3359 646 3410 δὲ
669 3359 724 3412 ἐπι
752 3377 833 3419 νους
855 3358 987 3418 ἐπέταξεν
1011 3376 1035 3412 κ.
1059 3377 1083 3411 τ.
1107 3358 1132 3413 λ.
1166 3358 1242 3425 Quae
1261 3359 1315 3415 duo

316 3423 398 3479 verba
415 3426 443 3479 in
460 3428 486 3480 h.
505 3428 521 3480 l.
540 3428 675 3495 pertinere
692 3429 719 3480 vi
739 3433 818 3481 entur
834 3426 869 3480 ad
887 3428 1047 3495 scripturam
1064 3427 1225 3494 litterarum,
1248 3429 1315 3483 talia

318 3509 375 3548 esse
394 3492 462 3563 dico,
481 3501 511 3548 ut
530 3495 562 3549 de
580 3496 651 3551 notis
662 3511 710 3550 seu
728 3495 811 3562 signis
829 3502 940 3563 accepta
958 3496 1058 3563 optime
1076 3494 1195 3549 habeant
1213 3503 1241 3550 et
1251 3513 1315 3566 pru·

317 3562 413 3617 denter
430 3565 519 3630 posita
537 3565 597 3618 sint.
626 3562 696 3618 Nam
714 3564 865 3684 ἐγγράῖειν
883 3570 940 3617 tum
955 3579 1007 3686 ger
1024 3579 1054 3617 se
1065 3563 1184 3617 incertae
1196 3572 1315 3632 potesta·

317 3632 352 3685 tis
369 3638 418 3699 est,
436 3642 492 3685 tum
511 3638 552 3686 est
569 3632 635 3686 illud
653 3633 740 3700 ipsum
757 3646 805 3685 ver
823 3648 876 3699 um,
901 3648 954 3700 quo
990 3630 1062 3700 apud
1080 3638 1189 3700 poetam
1206 3634 1314 3702 legitur.

316 3699 389 3754 Pone
407 3716 456 3768 pro
474 3700 520 3756 illo
539 3702 691 3824 ἐάγγλύφτιν,
708 3699 1314 3822 drxoldrrew,1?2apdnostv;'importunum

316 3768 433 3823 studium
451 3770 544 3824 varian
564 3771 572 3823 i
590 3771 696 3824 senties.
731 3771 770 3823 At
787 3768 885 3821 πίνακα
929 3784 1014 3823 omem
1030 3775 1145 3822 mutarrt
1161 3786 1189 3822 m
1207 3771 1312 3824 ἐπιστο
