3034 4434
722 519 902 572 „24-

312 674 358 731 vel
377 671 520 743 mussitat,
539 667 675 728 facillime
695 668 799 741 cuique
818 667 986 742 patiendum
1006 683 1038 726 se
1058 666 1133 724 vinci
1147 667 1184 726 ab
1199 667 1246 741 iis,
1268 669 1317 740 qui

313 749 464 808 obscuram
483 745 588 805 famam
609 751 639 804 et
657 746 770 804 incerta
797 761 894 803 rerum
913 743 1087 803 traditarum
1107 743 1233 816 vestigia
1252 761 1316 804 ver-

312 826 421 884 sutiore
455 824 586 882 acumine
618 823 805 895 interpretari
840 822 942 881 sciant.
982 821 1016 878 In
1041 821 1096 879 bac
1121 821 1197 879 enim
1223 822 1317 895 prima

313 907 424 972 aetate,
450 901 479 958 in
506 917 563 973 qua
582 899 730 958 Homerici
758 904 855 958 textus
883 899 1010 972 origines
1030 897 1217 970 quaerendae
1239 904 1315 973 sunt,

312 979 360 1036 vix
379 984 466 1037 tenue
487 977 582 1035 lumen
601 976 758 1047 babemus3
786 993 843 1048 quo
863 982 961 1034 tamen
982 981 1033 1033 aut
1052 975 1146 1047 perite
1166 975 1315 1048 utendum,

312 1060 364 1114 aut
382 1055 521 1128 pleraque
540 1053 677 1112 insecutis
698 1053 877 1126 temporibus
898 1050 978 1111 facta
990 1067 1145 1125 perperam
1155 1052 1316 1133 existimari

311 1147 431 1191 necesse
452 1137 505 1190 est.

771 1360 858 1435 XII.

387 1538 485 1610 Ipsum
514 1538 674 1610 ingressum
704 1535 831 1596 obstruit
858 1534 941 1595 nobis
976 1533 1125 1608 proposita
1150 1550 1245 1607 nuper
1269 1535 1313 1593 vel

311 1614 407 1689 potius
427 1621 566 1674 renovata
587 1613 757 1687 gravissima
787 1611 918 1685 quaestio
944 1611 1104 1685 deprimis
1129 1610 1220 1669 initiis
1245 1611 1313 1669 sori-

311 1691 399 1752 bendi
416 1691 495 1765 apud
509 1692 645 1751 Graecos.
686 1689 744 1749 Sed
763 1689 837 1760 banc
855 1689 973 1761 quidem
986 1694 1019 1747 ut
1031 1689 1141 1747 minore
1155 1686 1312 1747 offensione

282 1786 285 1801 s
312 1775 443 1843 repetam
464 1774 502 1841 et,
523 1769 548 1827 si
567 1774 680 1841 potero,
706 1764 869 1839 profligem,
897 1767 927 1824 in
946 1765 1047 1840 primis
1066 1763 1214 1835 Woodiit)
1235 1765 1312 1838 inge

273 1863 298 1903 ιι
312 1846 394 1905 niosa
414 1845 537 1904 audacia
556 1843 634 1903 fecit.
674 1844 748 1902 Nam
776 1843 801 1901 si
821 1843 922 1915 proavi
941 1843 1033 1903 nostri
1053 1841 1129 1901 serio
1150 1839 1312 1900 dubitatum

313 1922 469 1992 audissent,
494 1937 562 1977 num
581 1921 716 1993 princeps
737 1920 912 1992 scriptorum
925 1919 1067 1979 Homerus
1082 1917 1235 1990 scriptoria
1249 1924 1311 1978 arte

312 2052 515 2062 —-—

380 2115 783 2186 ⁸)1ncelebratissimolibro:
812 2118 857 2166 Aa
876 2117 960 2185 Esaay
978 2135 1011 2168 oa
1029 2118 1067 2170 aba
1083 2117 1193 2184 original
1213 2110 1319 2169 Gauius¹

311 2188 343 2251 os
357 2177 460 2248 Homer',
478 2199 530 2238 sec.
548 2183 612 2239 edit.
634 2185 707 2240 1775.
726 2184 815 2252 capite
834 2199 874 2253 eo,
892 2184 964 2253 quod
983 2194 1024 2238 est
1035 2185 1069 2239 de
1081 2184 1202 2239 oratione
1211 2191 1239 2238 et
1251 2184 1311 2239 doc-

311 2254 384 2308 trina'
399 2258 505 2320 poetae.
541 2253 596 2320 lbi,
620 2257 651 2307 ut
668 2252 697 2305 in
713 2257 772 2307 toto
791 2253 873 2321 libro,
897 2253 977 2321 plura
994 2260 1056 2308 sunt
1074 2254 1140 2308 scite
1158 2260 1186 2306 et
1204 2253 1310 2322 egregie

311 2322 510 2389 animadversa,
532 2320 584 2376 uisi
607 2321 680 2389 quod
697 2321 833 2375 subtilitas
848 2322 906 2375 fere
924 2321 1014 2391 deest,
1039 2322 1095 2376 sine
1114 2336 1167 2389 qua
1184 2321 1312 2376 historica

312 2389 458 2459 disputatio
475 2390 630 2459 persuadet,
648 2407 702 2445 non
719 2389 800 2444 fidem
818 2390 892 2445 facit
919 2391 1007 2458 lgitur
1024 2389 1090 2445 illud
1108 2395 1190 2458 caput
1206 2389 1310 2458 potissi·

310 2475 383 2512 mum
400 2474 487 2528 nuper
503 2475 521 2512 a
537 2459 659 2527 pluribus
676 2459 741 2513 viris
752 2458 839 2514 doctis
848 2459 1010 2538 reprehendi
1022 2466 1050 2513 et
1060 2458 1199 2526 vulgarem
1209 2458 1310 2526 opinio

310 2542 371 2581 nem
389 2527 511 2592 adiuvari
528 2527 652 2595 vidimus,
670 2527 800 2596 singulari
816 2527 906 2582 studio
926 2526 1102 2581 aWiedebur
1122 2526 1146 2580 ’o
1159 2527 1309 2580 Humanist.

310 2596 417 2664 Magaa.
436 2597 466 2649 T.
484 2597 505 2649 l.
523 2612 549 2664 p.
570 2601 690 2664 143sqq.
715 2602 742 2650 et
765 2595 889 2650 Harlesio
913 2595 982 2649 Bibl.
1007 2595 1052 2656 Gr,
1071 2595 1112 2649 Fa
1130 2595 1176 2648 ric.
1195 2595 1227 2648 T.
1245 2595 1266 2648 1.
1285 2611 1309 2662 p.

310 2669 368 2719 353.
387 2665 506 2731 Quorum
523 2665 621 2718 iudicio
640 2681 693 2718 non
710 2663 886 2731 praetulerim
904 2678 997 2719 eorum
1014 2664 1161 2732 levitatem,
1179 2662 1225 2731 qui
1238 2662 1310 2731 inge·

309 2732 377 2786 niosi
389 2733 471 2800 Angli
489 2733 657 2799 sententiam,
675 2747 723 2785 seu
749 2740 781 2784 ut
798 2732 856 2800 ipse
869 2730 943 2799 dicit,
961 2731 1142 2787 coniecturam
1154 2731 1311 2799 simpbciter

309 2799 487 2867 repetierunt,
505 2798 548 2853 rel
566 2801 594 2851 in
612 2814 671 2853 eam
689 2772 775 2853 ablati
792 2803 856 2853 sunt
875 2800 994 2868 propriis
1012 2801 1160 2868 erroribus,
1182 2807 1310 2868 tanquam

309 2873 404 2920 auctor
420 2866 516 2920 libelli:
556 2867 718 2933 Conjeclaral
743 2868 921 2920 Observatioaa
947 2887 980 2921 oa
998 2870 1037 2922 tle
1058 2870 1148 2937 Oriqiu
1165 2869 1220 2920 ond
1239 2870 1308 2919 Pro·

307 2952 377 3000 prees
394 2939 421 2997 oi
439 2936 582 3002 alphabeta
599 2935 702 3002 writiaq
720 2951 747 3003 p.
765 2940 807 2992 99.
827 2933 990 3004 Quanquam
1007 2935 1052 2990 hic
1070 2943 1156 2990 artem
1175 2936 1310 2990 scribendi

309 3007 413 3055 tantum
430 3002 542 3056 heroum
554 3002 758 3058 Homericorum
771 3004 888 3072 saeculo,
908 3021 962 3059 non
974 3006 1091 3060 Homero
1104 3009 1227 3073 ereptum
1241 3005 1309 3071 ibat3

309 3069 354 3123 ille
373 3085 432 3123 earn
449 3070 558 3126 tandem
576 3071 638 3126 circ.
656 3077 715 3127 554.
728 3090 745 3127 a
757 3073 820 3126 Chr.
839 3073 1020 3141 vulgatiorem
1037 3072 1137 3127 factam
1155 3088 1213 3127 esse
1231 3079 1308 3142 puta·

308 3138 363 3191 bat.
382 3138 467 3192 Docte
486 3146 675 3209 autematque
694 3141 835 3210 eleganter
852 3141 963 3196 Woodii
981 3148 1140 3210 argumenta
1156 3140 1311 3209 percensuit

309 3220 341 3259 ac
358 3221 428 3259 novo
439 3207 559 3261 acumine
573 3207 692 3264 defendit
704 3209 882 3278 philosophus
893 3210 1035 3279 litterator,
1053 3210 1199 3290 Merianus,
1212 3209 1241 3262 in
1250 3210 1309 3264 Dis·

309 3273 454 3328 sarlatione
464 3275 573 3330 Gallicis
591 3277 698 3345 scriptis
710 3277 875 3333 Academiae
887 3278 1068 3333 Berolinensis
1080 3283 1227 3346 praetento
1240 3294 1309 3332 anno

311 3343 469 3413 [1788-89]
480 3344 589 3413 inserta,
601 3359 671 3412 quae
683 3345 756 3414 mibi,
768 3346 839 3401 banc
851 3347 988 3416 plagulam
997 3346 1032 3401 ad
1040 3347 1240 3417 typographum
1249 3346 1309 3400 mis·

309 3424 380 3478 suro,
390 3411 527 3489 commode
540 3412 573 3466 ab
583 3413 668 3467 amico
678 3412 798 3470 offertur,
816 3414 860 3468 Ea
871 3416 969 3483 raptim
978 3416 1048 3472 lecta
1055 3421 1257 3485 peropportune
1267 3429 1309 3468 me

309 3477 424 3546 impuht‚
443 3486 474 3533 ut
485 3480 603 3534 rationes
614 3495 689 3536 meas
698 3481 784 3550 magis
796 3482 992 3551 adstringerem
1004 3484 1071 3538 etin
1083 3484 1164 3538 breve
1176 3498 1309 3552 cogerem,

308 3546 566 3668 pluraquesspenitus
585 3548 714 3617 delerem,
743 3564 812 3618 quae
831 3551 859 3603 in
877 3552 989 3607 eandem
1012 3552 1173 3607 sententiam
1190 3552 1309 3619 disputa-

309 3630 408 3668 veram.
469 3615 565 3669 ruditis
591 3618 662 3671 enlm
680 3617 748 3671 baec
767 3618 934 3684 scribuntur,
961 3620 1008 3689 qni
1026 3627 1053 3675 et
1071 3621 1146 3674 ilium
1164 3621 1271 3690 legent,
1282 3628 1309 3675 et

308 3682 467 3806 apughqugs
485 3683 596 3753 singulis
613 3687 755 3740 momentis
772 3686 965 3756 amplificandis
983 3706 1036 3745 non
1046 3690 1158 3744 multum
1169 3687 1309 3758 proficitur

420 3769 434 3805 r
452 3795 458 3805 .
