3034 4434
609 529 721 585 -175
751 559 789 570 -

199 684 273 757 Quis
300 683 374 740 enim
399 681 485 740 tertio
505 698 592 739 versu
610 681 705 753 patiat
706 696 741 736 ur
761 677 1103 756 1111111111
1123 680 1155 758 ἰφ
1157 679 1199 738 θί-

193 779 274 838 μων,
301 758 377 847 quod
402 756 509 816 alibif
508 774 556 816 ero
581 759 611 814 in
636 755 770 831 poeta¹⁷)
797 701 844 814 ici
854 758 1024 817 vocabulum
1043 758 1081 818 de
1100 775 1198 848 perso-

197 839 244 894 nis
271 844 322 910 pot
324 837 367 892 ius
394 852 479 906 qnam
503 835 590 893 rebus
616 841 646 892 et
665 849 805 922 nusquam
834 835 903 893 alibi
922 836 973 893 illa
992 823 1111 896 forma
1102 852 1200 894 me·
1158 832 1200 894 fe·

198 914 307 972 minino
327 929 434 984 genere
454 913 533 982 legat
521 913 589 970 tur?
629 917 680 968 aut
700 910 725 967 si
745 911 809 980 quis
829 928 883 983 pro
903 917 1006 982 quarto
1026 913 1200 971 versuhunc

202 990 345 1049 elumbem
369 994 492 1062 poneret
520 984 641 1064 Τρώων,
667 982 772 1050 αὐτοὺς
795 982 830 1042 δὲ
855 982 1007 1063 ἑλώριατ.
1028 1009 1055 1044 κ.
1082 990 1132 1048 ubi
1156 985 1201 1046 ἑλ-

201 1066 292 1143 λώρια
317 1067 438 1157 primam
464 1065 638 1137 produceret
626 1064 734 1121 tnnllo
755 1069 882 1121 auctore
921 1065 996 1122 Nam
1016 1067 1085 1136 quia
1099 1065 1200 1125 eadem

203 1161 251 1202 res
272 1145 303 1200 in
326 1139 493 1230 Ἁχιλεὺς11
514 1149 558 1200 111
583 1142 648 1198 aliis
669 1139 764 1198 verbis
785 1140 893 1197 1111111
913 1147 966 1211 est,
991 1158 1048 1200 non
1067 1143 1202 1203 continuo

201 1223 265 1278 sine
286 1219 425 1290 exemplis
446 1218 503 1276 alio
523 1216 674 1275 transferri
693 1221 803 1289 potest:
825 1211 903 1292 ἕλωρ
923 1223 1021 1274 autern
1039 1235 1097 1277 non
1109 1219 1201 1291 magis

202 1314 289 1369 quam
320 1296 438 1352 verbum
469 1290 543 1350 ἑλειν
554 1294 590 1365 18)
616 1293 693 1428 aputd
717 1293 807 1350 ullum
831 1299 947 1365 poetam
971 1295 1093 1384 primam
1117 1298 1202 1369 sylla-

204 1375 271 1431 bam
291 1372 437 1445 producit,
457 1372 502 1428 vel
522 1376 724 1429 consonantem
744 1369 887 1441 duplicat:
908 1377 959 1428 aut
978 1371 1003 1427 si
1023 1373 1087 1442 quis
1107 1373 1202 1431 verbis

203 1450 385 1509 commutatis
406 1448 547 1505 scriberet
573 1440 682 1541 ἄλγε’
669 1464 775 1524 ετευχε
795 1452 824 1503 11
844 1444 919 1523 θῆκε
938 1443 1088 1506 advocaret
1127 1449 1203 1507 Illud

202 1528 279 1585 enim
304 1527 451 1596 vulgatum
481 1517 666 1601 111)εέ11111
696 1522 792 1580 firmat
814 1521 909 1595 Apoll.
934 1523 1016 1581 Alex.
1043 1524 1107 1595 (sub
1133 1540 1203 1584 voce

203 1597 1204 1749 titudinematttlmatutiitdtdmudt

206 1754 361 1824 Zenodoti,
386 1751 519 1831 κεφαλάς
537 1771 590 1826 pro
610 1751 723 1831 ψυχάς,
748 1750 833 1808 δαῖτα
856 1769 909 1825 pro
934 1755 1004 1809 πᾶσι
1028 1755 1099 1812 nihil
1124 1755 1203 1813 aliud

207 1847 297 1902 quam
320 1798 499 1903 vulgatarum
524 1831 732 1903 scripturarum
755 1835 930 1887 vetustatem
956 1829 1129 1889 confirmant
1169 1833 1203 1889 In

209 1905 437 1980 interpunctione
468 1909 570 1965 vellem
594 1907 685 1996 plano
706 1907 788 1977 sequi
812 1907 914 1964 liceret
940 1924 1048 1974 morem
1074 1913 1203 1966 veterum

208 1985 259 2056 qui
294 1999 356 2042 eam
389 2002 446 2044 non
481 1985 702 2043 constructionis
737 1983 909 2041 indicandae
938 1984 991 2042 sed
1020 1986 1108 2044 solius
1138 2003 1203 2059 pro·

207 2061 326 2118 nunciat
327 2062 399 2120 iouis
419 2061 603 2132 adjuvandae
623 2077 712 2118 causa
732 2060 882 2118 adderent
911 2060 972 2120 Nos
992 2063 1077 2134 vulgo
1097 2051 1203 2121 11111-

209 2153 265 2225 que
299 2154 359 2196 rem
390 2139 536 2210 sapienter
570 2137 745 2209 conjungere
777 2137 868 2195 videri
899 2139 1046 2211 volumus,
1083 2157 1118 2198 ex
1148 2156 1204 2211 quo

206 2214 287 2284 Justo
311 2215 410 2286 plures
437 2220 466 2271 et
491 2230 692 2285 nonnunquam
717 2215 915 2286 ineptissimae
941 2214 1171 2275 distinctiones'
1163 2234 1206 2274 m·

208 2290 322 2349 tardum
347 2290 483 2348 inductae
509 2297 587 2361 sunt,
628 2306 699 2361 quas
723 2291 759 2346 iis
784 2306 872 2362 saepe
900 2291 970 2349 locis
995 2294 1119 2351 intactas
1139 2295 1206 2352 reli-

209 2368 271 2438 qui,
297 2366 347 2424 ubi
373 2384 429 2426 non
454 2384 572 2440 prorsus
597 2367 713 2424 inutiles
721 2365 758 2436 ¹⁹)
785 2371 883 2423 essent
906 2367 958 2424 sed
985 2368 1054 2426 alibi
1074 2376 1206 2428 constan·

208 2443 299 2515 11110)
310 2444 423 2515 sustuli,
434 2444 483 2502 ubi
492 2444 595 2503 bonam
606 2443 871 2516 pronunciationem
881 2443 969 2500 etiam
979 2444 1205 2518 impedirentffl).

209 2521 282 2579 Nam
310 2518 495 2591 frequentant
520 2537 570 2579 eas
596 2521 682 2578 hodio
702 2520 833 2592 plerique
853 2550 891 2560 —
911 2521 999 2578 etiam
1019 2521 1068 2579 ubi
1087 2536 1206 2593 prorsus

209 2599 326 2670 ineptae
359 2602 426 2654 sunt
457 2604 487 2655 et
516 2597 622 2656 rationi
647 2602 843 2669 repugnantes
869 2612 911 2651 v.
921 2613 945 2654 1.
971 2597 1205 2670 ineptississimas

209 2680 278 2732 ante
298 2689 383 2732 voces
404 2674 566 2746 emolitione,
590 2690 710 2745 quarum
737 2673 982 2746 pronunciationis
1000 2673 1073 2733 haec
1093 2681 1137 2732 est
1155 2691 1206 2733 na·

209 2757 290 2820 tura,
322 2755 354 2806 ut
383 2749 445 2807 sine
476 2751 534 2809 ullo
562 2750 714 2809 intervallo
746 2765 811 2807 oum
840 2748 1076 2809 antecedentibus
1104 2756 1206 2824 puten-

212 2793 316 2898 curib:
357 2831 390 2882 ut
414 2825 518 2898 Hymn.
543 2828 573 2885 in
598 2827 661 2885 Cer.
689 2833 745 2886 338
771 2831 876 2884 11349
902 2822 1017 2902 ὄφραὲ
1032 2825 1134 2905 μήτηρ.
1171 2827 1206 2887 Id

209 2920 245 2962 co
266 2908 312 2961 est
331 2902 484 2960 absurdius
491 2904 588 2976 ,quia
616 2902 733 2961 fuerunt
756 2903 824 2961 olim
850 2903 899 2975 qui
923 2910 1118 2976 paroxytonae
1144 2906 1207 2965 voci

211 2980 339 3067 priorem
371 2980 486 3052 longam
515 2980 634 3039 habenti
611 2979 802 3053 tduplicem
827 2978 1023 3052 1111111113)
1049 2981 1207 3041 darent
1177 2988 1207 3041 e

211 3058 243 3111 in
266 3055 321 3112 hoo
347 3073 453 3128 genere
479 3058 610 3117 ultimam
633 3056 773 3129 syllabam
800 3055 998 3115 antecedentis
1023 3059 1100 3117 vocis
1121 3075 1205 3117 acue·

211 3135 287 3187 rent.
327 3131 409 3203 Quod
428 3135 459 3191 in
477 3133 632 3194 Eustatbio
652 3133 783 3192 Romano
813 3139 844 3190 et
867 3133 898 3189 in
917 3132 1027 3203 aliquot
1045 3135 1109 3194 aliis
1129 3141 1207 3194 voto-

210 3205 291 3264 ribus
311 3207 392 3267 libris
413 3226 501 3283 saepo
521 3217 641 3283 usurpat
642 3227 688 3267 11
709 3225 764 3280 ego
783 3209 824 3267 ibi
838 3209 1206 3286 1111111111111111177),

210 3283 261 3341 ubi
282 3284 465 3378 ambiguitati
484 3287 579 3358 aliquo
600 3285 726 3356 modo²⁵t
747 3286 954 3344 occurrendum
973 3288 1133 3347 videbatur
1166 3289 1207 3348 Ut

210 3359 261 3418 ubi
281 3357 446 3439 ρο11ὄφρα
472 3369 680 3437 paroxytonum
700 3363 831 3434 sequitur
849 3361 889 3434 οἷς
928 3364 1004 3434 quod
1022 3372 1118 3423 utrum
1138 3366 1207 3423 arti·

281 3541 316 3607 17)
344 3539 418 3606 apud
440 3545 557 3608 poetam
659 3541 694 3608 18)
719 3538 843 3661 eleatem.
944 3542 979 3604 19)
1002 3558 1085 3623 quam
1103 3547 1206 3595 tantum

212 3607 408 3661 incommodae.
510 3609 546 3674 1θ)
564 3607 775 3674 1111111)
810 3622 877 3662 onae
895 3610 1109 3677 pronunciationi
1126 3610 1207 3663 etiam

211 3681 350 3730 nocerent.
452 3676 488 3744 11)
499 3676 1207 3784 1111111111111111111.19111

211 3742 395 3811 spernendum
412 3744 514 3812 putavi
616 3744 651 3812 ⁹⁵)
670 3744 714 3797 ita.
