3034 4434
624 553 803 606 ..95-

170 741 184 764 .
206 703 318 762 diserte
339 702 518 762 mentionem
547 698 618 759 iacit
637 699 782 756 Ρίιίιινσιι·
799 702 948 755 amicorum
968 708 992 755 ar
1011 702 1166 755 ademeram
1185 702 1214 755 in

205 784 298 836 iliade
318 783 418 836 larario
437 777 654 848 mandandum„
680 783 712 835 ut
736 778 814 835 clare
834 782 989 850 appareat,
1014 793 1074 835 rem
1095 776 1214 836 anobis

206 863 381 917 renovatam
392 856 558 915 Pausaniae
571 860 669 914 aetate
683 854 808 913 nondum
822 855 907 927 plane
920 855 1102 913 obscuratam
1115 851 1213 912 tuisse.

628 1065 792 1140 XXXV.

283 1240 372 1298 Haec
392 1255 480 1311 quum
499 1239 542 1297 ita
561 1238 627 1309 sint,
648 1237 701 1296 sub
721 1238 843 1311 imperio
862 1238 1113 1298 Pisistratidarum
1127 1240 1217 1299 Grae·
1229 1255 1267 1295 111

212 1318 258 1382 cia
286 1318 414 1390 primum
444 1321 545 1374 vetera
578 1315 712 1374 Garmina
734 1322 834 1374 vatum
861 1317 1002 1373 mansuris
1026 1319 1216 1375 monumentis

211 1394 380 1466 consignari
399 1392 483 1451 vidit.
517 1392 674 1463 Talemque
694 1398 821 1451 aetatem
841 1394 894 1450 sub
914 1394 1088 1452 incunabula
1106 1395 1217 1452 littera·

211 1488 276 1529 rum
296 1478 328 1528 et
346 1470 465 1528 maioris
486 1470 579 1527 cultus
600 1469 691 1527 civilis
712 1469 790 1542 apud
810 1486 842 1528 se
862 1470 995 1528 viderunt
1013 1471 1112 1543 plures
1125 1472 1218 1529 natio·

212 1564 274 1620 nas,
295 1563 420 1619 quarum
440 1546 618 1618 comparatio
638 1552 774 1608 accurate
794 1547 928 1605 instituta
946 1548 991 1619 iis,
1012 1563 1086 1619 quae
1099 1548 1147 1605 hic
1160 1547 1218 1604 dis·

213 1630 360 1698 putamina,
381 1623 503 1682 multum
524 1624 597 1681 lucis
617 1623 721 1681 afferre
740 1625 842 1696 possit.
875 1625 959 1695 Nam,
979 1629 1012 1681 ut
1031 1625 1103 1682 duas
1124 1623 1219 1683 obiter

213 1710 347 1774 tangam,
375 1707 406 1759 et
431 1701 509 1758 inter
536 1716 569 1758 se
595 1706 625 1757 et
650 1699 782 1771 Graecis,
798 1701 874 1759 omni
899 1707 984 1774 parte
1004 1700 1217 1773 dissimillimas,

212 1784 330 1838 constat
356 1778 434 1835 iuter
460 1776 574 1849 doctos,
599 1777 629 1833 in
650 1776 806 1835 Germania
824 1783 940 1846 nostra,
965 1793 1039 1850 quac
1060 1777 1219 1836 domestica

213 1856 292 1914 bella
312 1860 343 1912 et
365 1854 532 1927 principum
551 1853 713 1925 ducumque
733 1871 849 1912 suorum
870 1860 954 1927 gesta
972 1856 1029 1913 iarn
1050 1862 1117 1912 ante
1136 1854 1219 1912 Taci-

213 1941 275 1991 tum
297 1931 487 1990 Carminibus
511 1930 718 2003 celebraverat,
738 1932 791 1989 bas
811 1932 954 2005 primitias
973 1932 1053 1990 rudis
1073 1932 1181 2004 ingenii
1201 1947 1219 1990 a

212 2009 321 2069 Garolo
341 2008 384 2085 M.
406 2007 526 2065 taudem
546 2009 682 2067 collectas
703 2023 768 2066 esse
789 2014 819 2066 et
838 2008 920 2066 libris
945 2009 1112 2081 mandatas;
1137 2009 1219 2066 item-

217 2102 275 2158 que
294 2085 413 2144 Arabes
428 2101 486 2143 non
505 2091 573 2142 ante
592 2084 655 2142 VII.
676 2100 751 2142 saec.
777 2085 952 2144 inconditam
971 2088 1073 2159 poesin
1091 2086 1220 2159 priorum

216 2168 348 2222 aetatum
374 2162 513 2220 memoria
532 2167 723 2234 propagatam
743 2163 958 2222 collectionibus
980 2165 1124 2233 (maana)
1146 2179 1220 2222 com-

213 2239 397 2314 prehendere
410 2238 549 2312 coepisse,
564 2239 714 2312 ipsumque
726 2237 869 2298 Coranum
882 2239 1051 2298 diversitate
1061 2240 1219 2312 primorum

215 2324 348 2376 textuum
375 2315 500 2373 similem
519 2316 646 2374 Homero
671 2314 815 2374 iomanem
840 2315 934 2374 fateri.
975 2317 1098 2374 Praeter
1117 2318 1169 2375 bos
1190 2325 1220 2374 ct

214 2395 289 2453 alios
310 2393 435 2465 populos
458 2391 644 2465 comparandi
664 2399 748 2450 erunt
761 2393 899 2466 Hebraei,
920 2394 997 2466 apud
1018 2411 1089 2466 quos
1109 2395 1219 2451 littera-

214 2487 280 2529 rum
301 2476 332 2528 et
351 2469 567 2528 scribendorum
587 2469 725 2527 librorum
739 2487 808 2528 usus
819 2472 888 2529 mibi
901 2471 1017 2543 quidem
1030 2470 1107 2528 haud
1121 2471 1218 2542 paullo

214 2548 363 2606 recentior
384 2545 514 2616 videtur,
540 2562 625 2618 quam
645 2547 730 2618 vulgo
751 2554 886 2620 putatur,
913 2555 944 2606 et
962 2549 1055 2605 minus
1075 2546 1148 2605 adeo
1170 2562 1219 2618 ge·

215 2626 337 2683 nuinum
357 2640 462 2696 corpus
483 2623 665 2696 scriptorum,
685 2626 857 2696 praesertim
877 2626 1078 2696 antiquiorum.
1113 2622 1171 2681 Sed
1181 2622 1218 2680 de

215 2703 260 2760 bis
288 2709 319 2759 et
338 2699 473 2758 Arabicis
500 2700 556 2758 illis
578 2700 794 2759 collectionibus
821 2702 946 2759 viderint
965 2701 1095 2760 homines
1116 2701 1223 2758 eruditi

216 2779 324 2838 litteris
346 2777 483 2836 Orientis.

302 2854 351 2914 Ad
381 2854 509 2914 Graecos
538 2855 718 2913 revertimur.
763 2854 819 2926 Qui
852 2860 1040 2928 posteaquam
1065 2855 1223 2914 Homerum

215 2949 300 2992 suum
321 2932 510 3005 collegerant,
529 2948 668 3004 perquam
682 2931 837 2989 verisimile
851 2937 904 3004 est,
925 2947 974 2990 eos
989 2931 1111 2990 eandem
1124 2949 1223 2991 curam

218 3010 320 3070 statim
341 3009 379 3067 ad
399 3009 518 3079 reliqua
538 3009 752 3082 praestantiora
773 3008 907 3067 Carmina
927 3010 1060 3081 supparis
1081 3011 1145 3067 aevi
1166 3017 1224 3067 tra·

219 3087 347 3145 duxisse.
391 3087 459 3158 Qua
478 3086 509 3142 in
528 3103 560 3145 re
581 3085 715 3158 equidem
733 3086 827 3142 minus
840 3087 929 3144 mmor
943 3086 1087 3144 silentium
1101 3087 1224 3158 antiqui·
1237 3104 1275 3143 111

218 3165 298 3223 tatis.
339 3163 416 3222 Nam
437 3164 526 3221 semel
546 3163 696 3237 proposito
716 3163 848 3234 exemplo
868 3178 958 3234 opera
977 3163 1035 3220 ista
1054 3180 1111 3221 non
1130 3164 1226 3236 potuit

220 3239 378 3320 admodum
405 3237 530 3298 difficilis
557 3257 635 3312 esse3
668 3255 762 3311 neque
789 3240 819 3296 in
839 3239 897 3298 alio
928 3240 985 3298 ullo
1013 3240 1145 3298 Carmine
1166 3245 1225 3298 tam

221 3316 411 3376 artificiosam
431 3322 606 3375 structuram
626 3318 787 3388 quaesitam
806 3316 945 3374 videmus.
985 3317 1087 3388 Itaque
1106 3334 1160 3375 uec
1180 3333 1226 3374 ce-

221 3395 293 3453 teris
313 3393 447 3465 reliquiis
467 3393 628 3452 Homericis
642 3409 695 3450 nec
708 3393 872 3452 Hesiodicis
887 3392 1048 3466 defuerunt,
1069 3399 1102 3451 ut
1115 3395 1225 3466 opinor,

220 3469 455 3539 διασκευασταί,
481 3471 530 3540 qui
549 3470 709 3543 singulares
729 3470 901 3544 rhapsodias
921 3476 1138 3543 connecterent,
1165 3471 1226 3526 sive

222 3565 282 3621 eas,
303 3563 382 3620 quae
406 3547 442 3605 ab
463 3547 533 3619 ipsis
554 3546 719 3605 auctoribus
733 3548 771 3605 ad
784 3549 904 3606 eandem
917 3547 1036 3607 formam
1050 3547 1225 3618 compositae

286 3713 323 3776 18)
336 3707 370 3764 ”H
387 3707 470 3760 αὐτὸν
490 3705 700 3778 Πεισίστρατον,
726 3709 744 3778 ἢ
764 3704 834 3761 ΤθΝ
851 3701 931 3760 ΤΙΝΛ
948 3703 1119 3772 ΕΤΑΙΡΩΝ,
1140 3725 1225 3769 μετα-

218 3785 333 3851 ποιῆσαι
353 3777 387 3831 τὸ
405 3777 492 3839 ὄνομα
507 3777 558 3829 ὑπὸ
575 3777 692 3845 ἀγνοίας.
