3034 4434
718 551 898 604 ..33-

305 703 470 762 litterarum
483 700 559 758 ratio
572 698 708 758 ostendit.
738 698 804 757 Non
818 697 941 769 amplius
954 714 1100 757 moramur
1113 698 1217 758 Cadmi
1234 700 1317 758 litte-

306 795 354 837 ras
376 785 410 837 11
431 777 477 835 vel
498 782 549 847 16,
575 791 629 833 nec
647 773 811 833 Palamedis
831 774 949 845 3ve14,
970 781 1021 832 aut
1040 774 1184 847 quidquid
1205 776 1317 836 discre-

307 861 359 928 pat
367 854 508 912 >historica
520 853 723 924 interpretatio
737 856 870 909 vetustae
883 848 1085 911 fabulositatis.
1119 851 1239 912 Certior
1254 855 1317 925 qui·

307 931 373 990 dem
397 930 521 988 historia
546 927 641 987 adhuc
661 929 776 987 saeculo
796 927 844 985 VI.
866 933 896 985 et
914 928 949 986 V.
970 935 1037 986 ante
1058 928 1126 987 Chr.
1169 929 1317 990 Simonidi

309 1007 368 1067 Ceo
388 1012 476 1077 atque
495 1005 670 1078 Epicharmo
691 1005 797 1078 Siculo,
821 1005 959 1076 antiquae
980 1004 1157 1064 Comoediae
1177 1007 1318 1080 principi,

271 1096 296 1135 ⁶³
310 1085 382 1143 satis
410 1083 538 1154 insignes
562 1088 662 1154 partes
682 1082 786 1140 tribuit
804 1082 834 1138 in
854 1081 964 1140 litteris
985 1083 1161 1154 complendis
1184 1090 1216 1142 et
1237 1085 1319 1142 inve·

308 1160 420 1219 niendis
439 1157 574 1230 novis²⁷),
595 1175 666 1231 quas
685 1158 792 1218 deinde
815 1175 879 1216 cum
892 1159 1037 1230 prioribus
1050 1160 1080 1216 in
1093 1165 1193 1232 aptam
1207 1162 1319 1220 seriem

308 1238 443 1297 collectas
462 1253 480 1294 a
500 1235 667 1295 Callistrato
686 1236 820 1308 quodam,
841 1240 910 1294 ante
930 1236 1003 1294 allos
1021 1236 1120 1294 Ionica
1140 1236 1245 1296 Samos
1264 1254 1320 1310 pu·

308 1314 382 1372 blice
402 1313 587 1385 usurpavisse
607 1311 701 1371 iertur
708 1311 754 1379 ²⁸).
788 1312 885 1382 Atque
903 1311 958 1370 hoc
977 1313 1104 1371 Ionicum
1123 1313 1319 1385 alphabetum

309 1397 346 1449 24
356 1391 521 1448 litterarum
542 1406 561 1448 a
580 1391 688 1463 populo
700 1389 876 1447 Atheniensi
894 1389 1012 1446 mndem
1026 1388 1148 1448 Euclide
1161 1389 1317 1450 Archonte

309 1466 420 1540 Olymp.
433 1465 553 1535 XCIIII,
574 1474 600 1524 2.
622 1472 691 1524 ante
713 1465 781 1525 Chr.
796 1472 851 1525 403
865 1472 1023 1538 receptum,
1043 1482 1097 1524 uec
1115 1465 1156 1524 ibi
1174 1465 1319 1527 antehoc

309 1549 422 1616 tempus
453 1560 536 1601 usum
562 1543 683 1601 duarum
708 1543 859 1614 longarum
883 1543 1025 1600 vocalium
1049 1543 1229 1616 publicatum
1258 1550 1318 1603 tra-

309 1619 380 1678 dunt
399 1621 497 1693 plures
519 1625 549 1678 et
569 1635 605 1678 ex
624 1619 754 1693 probatis
776 1618 998 1691 auctoribusii).

396 1833 431 1890 2⁷1
456 1829 526 1884 Vide
543 1830 645 1950 Hpgini
664 1828 730 1884 Fab.
748 1833 808 1887 277.
827 1829 894 1884 Plin.
913 1829 975 1898 VII,
992 1834 1034 1886 56.
1053 1831 1144 1883 Tzetz.
1164 1830 1225 1885 Chii
1252 1831 1317 1900 XII,

310 1904 369 1956 398.
389 1898 476 1954 Schol.
494 1898 521 1951 in
538 1896 574 1951 Vi
585 1898 644 1951 lois.
663 1898 764 1952 Anecd.
784 1898 830 1953 Cr.
848 1898 878 1952 Τ.
897 1899 932 1952 Π.
950 1913 976 1966 p.
997 1901 1054 1953 187.
1072 1897 1149 1952 Conf.
1168 1898 1317 1966 Spanhem.

311 1968 345 2022 de
361 1966 394 2021 U.
420 1973 447 2018 et
465 1965 494 2019 P.
512 1964 591 2018 Num.
615 1965 686 2019 Diss.
704 1965 740 2019 H.
779 2009 785 2020 .
803 1970 845 2021 85.
882 1965 991 2021 Goensii
1013 1967 1047 2021 de
1069 1965 1205 2021 Simonide
1228 1966 1278 2036 IV,
1296 1969 1319 2022 Ι.

310 2032 474 2101 Mongitoris
489 2032 617 2086 Bibhoth.
637 2033 689 2088 Sic.
707 1983 777 2088 EI.)

378 2118 414 2176 ²⁸)
432 2118 476 2173 Eo
494 2117 626 2186 pertInuit
644 2119 785 2173 dicterium
796 2120 990 2188 Aristophanis
1007 2120 1035 2173 in
1047 2119 1213 2189 Babyloniis,
1231 2120 1325 2175 fabula

310 2188 372 2242 circ.
399 2187 460 2242 427.
491 2202 515 2240 a.
538 2185 601 2240 Chr.
619 2186 798 2241 LXXXVIII.
816 2188 861 2242 Ol.
886 2194 955 2242 acta.
991 2186 1059 2242 Vide
1078 2186 1152 2242 Suid.
1170 2205 1195 2241 v.
1214 2185 1323 2253 Σαμίων

310 2257 326 2308 ὁ
343 2256 429 2323 δῆμος
451 2254 511 2309 coll.
535 2271 560 2308 v.
575 2252 751 2318 Ἆττικισμός,
780 2255 958 2311 Schcl..Ven.
976 2255 1040 2310 Cod.
1059 2256 1090 2309 B.
1109 2256 1144 2309 ad
1161 2256 1194 2310 Il.
1219 2276 1245 2326 η,
1266 2261 1323 2312 185.

203 2388 210 2394 ¹
310 2323 402 2378 Tzetz.
421 2321 488 2377 Chil.
505 2323 568 2389 XII,
588 2327 629 2377 61.
649 2338 707 2392 sqq.
744 2322 822 2390 Quod
841 2324 1013 2379 Callistratus
1031 2323 1104 2392 apud
1120 2323 1193 2379 hunc
1211 2332 1326 2380 vocatur

312 2391 519 2460 Grammaticus,
537 2390 603 2446 facit
622 2392 806 2473 ineptissimus
823 2393 914 2460 homo,
938 2398 969 2446 ut
986 2393 1074 2447 solent
1091 2392 1192 2446 eruditi
1209 2393 1325 2472 Istorum

311 2459 1325 2598 ‘tllz'lllttltctltliidatlllilnntltbillibati

790 2051 818 2102 p.
839 2038 895 2088 181.

350 2597 462 2652 Ilistrati
479 2599 642 2652 auctoritate
654 2597 762 2665 Ephori
779 2598 909 2652 traditam
925 2612 991 2651 esse.
1027 2596 1155 2664 Suspicor
1171 2604 1326 2665 praeterea,

312 2664 384 2719 hunc
413 2666 570 2732 scriptorem
594 2665 623 2719 in
645 2664 742 2719 ultima
760 2671 838 2732 parte
856 2665 987 2719 historiae
1005 2679 1083 2728 suae,
1110 2665 1157 2718 ubi
1175 2665 1211 2719 ad
1228 2681 1326 2720 novam

313 2732 500 2786 recensionem
518 2732 607 2800 legum
625 2733 781 2785 Atticarum
799 2733 894 2787 eiectis
910 2733 988 2786 XXX
999 2732 1064 2787 viris
1082 2732 1181 2787 factam
1199 2734 1326 2801 venisset,

313 2801 384 2854 hanc
405 2813 510 2852 omnem
527 2815 584 2853 rem
602 2799 712 2866 copiose
732 2805 875 2864 tractasse,
901 2801 1072 2869 indidemque
1091 2809 1249 2870 excerptum
1269 2817 1327 2858 esse

313 2867 400 2920 Iocum
420 2865 564 2920 ClementIs
580 2882 662 2933 supra
680 2883 706 2920 n.
729 2871 769 2921 16.

375 2952 411 3019 29)
425 2950 591 3006 NominatIm
602 2951 722 3019 Ephoro,
735 2952 918 3022 Theopompo,
930 2954 1059 3008 Androne
1068 2954 1198 3022 Ephesio,
1209 2954 1326 3009 fortasse

314 3020 376 3073 aliis
394 3018 523 3087 pluribus.
555 3020 607 3074 Pro
625 3020 667 3073 hit
685 3020 802 3075 adeundi
821 3030 884 3076 sunt
901 3021 978 3075 nobis
995 3022 1097 3076 turbidi
1114 3022 1203 3091 rivuli,
1221 3022 1324 3078 Euseb·

314 3088 410 3142 Cbron.
434 3087 469 3140 ad
486 3087 526 3141 01.
544 3087 656 3157 XCIIII,
675 3094 699 3142 4.
718 3088 831 3143 Cedren.
850 3096 878 3143 ct
896 3090 992 3144 Pascb.
1010 3089 1106 3144 Chron.
1129 3089 1164 3144 ad
1182 3090 1282 3161 XCVI,
1300 3097 1325 3144 a

314 3171 374 3208 cum
392 3153 479 3208 Schol.
497 3154 533 3207 ad
549 3155 644 3224 Eurip.
663 3156 765 3211 Phoen.
777 3162 845 3226 688,
863 3159 911 3212 ubi
928 3164 1006 3213 vetus
1024 3159 1141 3212 sanetas
1159 3162 1273 3213 notatur
1290 3174 1326 3214 ex

314 3223 519 3345 priaeffpffifoe
536 3223 669 3345 tarsigengdti
679 3229 756 3346 ‚68qu
777 3227 854 3348 Ινιν(ἶέ
887 3227 942 3297 daga
960 3232 988 3348 {t
1005 3227 1068 3347 agri-t
1067 3245 1106 3278 νιν
1125 3225 1252 3349 ἔκγονοι.Ι
1277 3227 1320 3350 13Ιέ

313 3307 338 3344 v.
735 3309 1325 3349 ...oss.ceramm..

314 3362 417 3478 iim
440 3307 549 3412 satage.
567 3360 637 3414 aas.
662 3360 697 3413 aa
713 3360 838 3429 inscript.
857 3362 974 3417 nemus
991 3363 1049 3415 Ate.
1067 3311 1172 3430 pgaaa.
1208 3334 1325 3417 aoiern

342 3425 383 3480 'ss
397 3427 420 3495 §-
439 3429 480 3479 66.
499 3425 612 3481 Wessel.
631 3426 667 3480 ad
684 3428 768 3481 Petiti
787 3429 842 3483 LL.
856 3431 915 3484 AA.
933 3447 960 3498 p.
975 3434 1031 3485 194.
1050 3430 1155 3484 Corsini
1172 3430 1246 3485 Fast.
1263 3433 1324 3487 Att.

314 3493 345 3547 Τ.
358 3494 407 3547 III.
416 3510 443 3561 p.
453 3496 512 3549 276.
542 3496 613 3549 Huic
630 3502 766 3563 postremo
785 3497 912 3551 laudatus
930 3498 1005 3553 locus
1024 3498 1130 3567 Syriani
1148 3497 1183 3552 ad
1195 3499 1324 3567 Hermog.

314 3578 340 3629 p.
363 3564 401 3617 17.
425 3577 520 3629 parum
543 3563 697 3631 explicitam
714 3564 842 3619 notitiam
860 3565 962 3635 habet,
986 3582 1067 3634 quam
1085 3566 1193 3621 omnino
1211 3567 1245 3621 ab
1264 3569 1324 3622 istis

314 3629 532 3698 compilatoribus
549 3647 604 3686 non
621 3637 770 3698 exspectes.
811 3633 882 3686 Satis
901 3641 952 3701 est,
978 3635 1120 3689 convenire
1138 3651 1231 3689 omnes
1248 3637 1277 3689 in
1294 3651 1324 3690 re

314 3713 424 3754 summa.
459 3697 585 3752 Ceterum
602 3699 667 3754 hinc
685 3706 809 3769 apparet,
846 3717 899 3756 uae
917 3703 994 3756 dicta
1012 3703 1047 3755 sit
1058 3701 1132 3770 apud
1143 3703 1325 3758 Athenienses

276 3786 278 3789 ·
315 3768 415 3835 ἡμετ’
438 3764 584 3840 Edzieicbpa
611 3769 795 3838 γραμματική.
869 3770 910 3823 'us
934 3771 1049 3826 usitatae
1068 3771 1175 3824 litterae
1194 3779 1325 3828 vocantur
