3034 4434
694 554 872 608 ..164-

231 719 272 762 arr
361 701 485 774 Fateor,
512 701 586 759 haee
614 702 711 760 omnia
730 717 748 760 a
767 701 851 761 nobis
875 718 932 761 non
957 718 1043 776 posse
1063 700 1228 763 confirmari
1245 705 1283 765 ob

285 784 432 859 qgeststes
451 776 585 836 fontium:
607 783 637 837 et
657 779 800 839 clarorum
819 785 980 853 temporum
993 780 1086 838 lucem
1102 784 1282 854 exspectanti

283 856 390 914 sensim
410 853 542 927 subrepit
570 854 698 914 taedium
719 857 962 916 coniecturarum:
989 862 1021 915 at
1039 873 1126 915 unam
1146 874 1210 917 rem
1228 876 1283 918 non

284 931 378 991 debeo
398 932 542 1002 omittere,
563 931 602 990 ad
613 931 751 990 iudicium
764 938 893 991 nostrum
907 932 944 991 de
956 933 1011 993 hoc
1023 933 1142 1006 vulgato
1155 935 1283 995 Homero

285 1008 492 1081 gramssimam.
525 1008 600 1066 Nam
613 1015 646 1067 ut
658 1008 844 1068 Aristarchus
857 1026 876 1067 ι
888 1009 1018 1082 pluribus
1032 1016 1163 1069 veterum
1177 1013 1282 1086 partim

285 1085 363 1143 clare
376 1085 482 1164 partim
495 1085 601 1143 tectius
614 1086 795 1144 insimulatur
808 1087 949 1145 maximae
957 1088 1138 1155 temeritatis
1152 1089 1183 1146 in
1198 1091 1283 1148 comi·

284 1161 387 1233 gendo,
406 1162 437 1219 in
449 1162 586 1220 tollendis
600 1167 631 1221 et
644 1163 831 1221 excemendis
844 1162 928 1222 bonis
942 1163 1072 1222 versibus
1079 1162 1127 1238 ⁵²),
1141 1165 1185 1224 ita
1198 1182 1280 1226 nemo

231 1258 270 1300 aco
283 1255 357 1297 unus
376 1239 530 1312 reperitur,
560 1241 609 1311 qui
628 1240 721 1312 ipsum
741 1245 842 1298 namet
862 1239 970 1311 aliquid
990 1240 1104 1313 insigne
1123 1242 1280 1301 subiecisse

149 1320 154 1328 '
282 1320 396 1388 politae,
416 1322 467 1374 aut
487 1333 505 1375 a
525 1332 557 1374 se
577 1317 750 1389 compositos
771 1332 870 1374 versus
884 1317 1052 1375 inculcasse.
1085 1317 1186 1390 Atque
1201 1319 1232 1376 id
1245 1319 1280 1378 ab

282 1393 333 1452 illo
352 1409 409 1452 non
429 1408 494 1453 esse
513 1391 629 1466 factum,
651 1394 739 1452 etiam
760 1393 916 1451 verisimile
937 1400 982 1452 est
1001 1400 1122 1467 propter
1142 1412 1188 1468 ea,
1209 1411 1280 1468 quae

282 1468 320 1528 de
338 1470 454 1542 ingenio
475 1470 537 1529 cius
551 1471 682 1543 diximus,
703 1475 772 1543 apto
792 1471 842 1530 illo
856 1471 972 1542 quidem
986 1475 1017 1529 et
1029 1471 1098 1530 trito
1112 1472 1274 1531 iudicandis

282 1547 465 1619 carminibus,
485 1547 562 1605 haud
576 1546 746 1606 scribendis.
778 1548 889 1621 Itaque,
909 1553 943 1605 ut
955 1546 1050 1606 omnia
1062 1564 1176 1608 summa
1189 1549 1279 1608 tribus

282 1788 306 1826 ι.
325 1768 528 1840 Φιλαρηλείδης;
557 1769 608 1822 etsi
634 1769 687 1822 ista
703 1783 758 1821 uon
777 1766 810 1821 de
828 1767 912 1822 nihilo
930 1772 1000 1822 sunt.
1035 1767 1177 1836 Nusquam
1185 1769 1224 1823 uin
1240 1774 1279 1822 tot

282 1839 394 1897 Scholiis
417 1838 453 1892 ad
469 1837 581 1892 iliadem
600 1842 628 1890 at
645 1836 808 1905 Odysseam,
831 1851 866 1890 ne
884 1835 966 1890 semel
985 1835 1108 1904 quidem.
1132 1838 1277 1892 auctoritas

281 1909 448 1978 Hymnorum
465 1904 588 1972 affertur,
619 1921 701 1972 quum
724 1904 783 1958 eius
809 1906 849 1958 rei
878 1905 984 1959 occasio
1008 1910 1087 1958 esset.
1117 1906 1202 1960 Immo
1221 1921 1277 1960 cum

282 1975 412 2044 exemplis
430 1978 484 2024 τῶν
504 1975 590 2024 νεωτέ
612 1991 649 2024 ων
668 1988 688 2025 s.
707 1975 760 2025 τῶν
778 1974 848 2037 μεθ’
860 1971 991 2042 Ὅμηρον,
1014 1979 1152 2039 poetarum
1169 1978 1278 2026 Homero

280 2045 460 2164 ρριιινίανιιι,
478 2056 548 2109 quae
565 2056 582 2093 a
603 2048 715 2094 eruntur
731 2041 766 2095 ab
783 2041 844 2110 illis,
862 2041 987 2094 convenit
998 2056 1188 2109 nonnunquam
1200 2041 1277 2110 plane

311 2123 407 2165 cusus
424 2108 597 2178 Hymnorum.
633 2107 708 2175 Quae
732 2110 755 2162 si
772 2125 837 2163 vera
854 2116 930 2177 sunt,
955 2108 1035 2163 iacile
1061 2115 1153 2189 potest
1176 2108 1277 2174 coniici

281 2178 328 2248 qui
345 2177 446 2232 factum
463 2176 506 2245 sit,
523 2181 555 2230 ιιι
570 2177 634 2234 ,οιιιιι
652 2176 725 2230 nulla
743 2177 856 2231 celebris
873 2177 955 2231 fuerit
967 2176 1089 2231 collectio
1103 2177 1276 2246 Hymnornm,

280 2250 376 2315 parata
400 2244 434 2298 ab
457 2245 562 2299 erudito
585 2245 774 2300 Grammatico.
815 2246 947 2299 Nimirum
971 2245 994 2298 si
1017 2244 1114 2299 fuisset
1131 2245 1208 2313 talis,
1231 2252 1278 2299 aut

282 2314 405 2384 equidem
417 2313 625 2369 Scholiastarum
644 2314 863 2368 consuetudinem
880 2315 983 2382 ignoro,
1000 2320 1049 2367 aut
1065 2312 1165 2367 alicubi
1183 2313 1276 2368 saltem

282 2384 340 2439 eius
357 2398 453 2439 nomen
471 2387 598 2436 exstaret.
633 2381 712 2437 Nunc
729 2382 830 2451 Hymni
847 2381 881 2437 ab
899 2381 1007 2450 optimis
1024 2381 1201 2449 scriptoribus
1211 2381 1276 2435 anti·

299 2452 392 2507 uitatis
409 2450 540 2519 neglecti,
567 2457 678 2521 praeter
694 2451 854 2506 Pausaniam
879 2456 907 2504 et
923 2450 1022 2504 similes
1039 2450 1221 2518 antiquarios,
1242 2464 1276 2503 ne

281 2468 442 2577 desiderium
460 2519 567 2600 quidem
584 2526 705 2574 nostrum
722 2525 875 2588 moverent,
897 2518 949 2572 nisi
966 2533 1029 2572 rara
1046 2517 1155 2572 fomuna
1172 2517 1276 2588 aliquot

280 2590 400 2646 codicum
417 2587 488 2644 folin
505 2587 679 2656 pepercisset.

348 2675 383 2740 52)
400 2672 469 2728 Vide
488 2689 545 2742 sup.
563 2689 622 2741 cap.
640 2671 736 2726 XLVI.
742 2687 800 2742 sqq.
813 2677 841 2726 et
851 2671 949 2726 XLIX.
956 2687 994 2739 sq.
1029 2672 1068 2725 At
1084 2670 1199 2726 fortasse
1211 2687 1274 2728 non·

278 2741 347 2796 nulli
363 2743 444 2795 etiam
458 2741 639 2811 ἐξαίρεσιν
664 2743 793 2809 (lituram)
817 2739 987 2796 subiecerunt
1004 2738 1133 2794 vocabulo
1153 2741 1262 2794 (Μετ’

280 2828 376 2869 σεως.
405 2809 474 2863 Nam
492 2811 545 2864 ista
562 2810 614 2864 duo
633 2807 759 2864 confundi
777 2809 902 2863 videntur
919 2808 1068 2875 interdum3
1086 2814 1115 2861 et
1132 2806 1185 2862 fuit
1196 2809 1224 2863 fa
1241 2810 1275 2862 'e

279 2876 449 2940 confundere,
467 2877 625 2946 praesertim
642 2877 725 2931 verba
742 2877 913 2947 περιγράψαι
933 2882 961 2930 et
972 2875 1084 2936 ἐξελεῖν.
1120 2874 1276 2932 Οιιίιιιιιιοιίἰ

279 2950 383 2999 certum
395 2947 545 3026 exemplum
562 2945 675 3014 praebet
692 2945 818 2998 Eustatb.
836 2944 871 2999 ad
883 2943 976 3014 Odyss.
988 2960 1015 3014 p.
1030 2947 1104 2999 1480.
1118 2948 1158 2999 19.
1177 2945 1274 3000 collato

278 3011 338 3068 loco
354 3013 495 3068 Athenaei
529 3014 654 3068 Ceterum
671 3012 808 3067 libidinem
824 3012 984 3094 corrigendi²
1001 3027 1071 3081 quae
1087 3013 1198 3081 proprie
1210 3013 1275 3068 dici·

278 3086 324 3134 tur
339 3080 368 3134 in
383 3081 473 3135 verbis
489 3088 517 3136 et
526 3083 664 3136 sententiis
676 3080 795 3150 singulis,
812 3087 918 3135 veteres
929 3081 1062 3136 ranesime
1072 3081 1274 3150 reprehendunt

278 3149 307 3202 in
323 3149 494 3217 Aristarcho,
520 3151 571 3204 etsi
594 3168 648 3205 non
673 3165 735 3204 raro
753 3148 883 3204 recedunt
899 3164 917 3203 ι
934 3148 1049 3203 decretis
1066 3148 1132 3202 eius.
1160 3149 1273 3204 Praetu

277 3216 346 3271 haec
363 3216 511 3284 singulares
532 3223 595 3272 sunt
616 3219 644 3272 in
660 3217 774 3274 scholiis
790 3217 842 3272 loci
859 3216 927 3286 duo,
952 3232 1022 3271 unus
1039 3216 1075 3272 ad
1092 3235 1108 3271 r.
1126 3216 1186 3272 222.
1204 3218 1273 3272 alter

278 3284 314 3340 ad
330 3303 357 3338 π.
374 3288 433 3340 466.
467 3285 606 3354 inpriore
623 3286 779 3341 Aristarcho
797 3286 877 3340 etiam
888 3286 1040 3340 reverentia
1052 3290 1174 3340 veterum
1182 3301 1272 3340 recen·

278 3353 382 3409 siouum
403 3353 530 3407 tribuitur
554 3360 582 3406 ct
604 3357 719 3426 περιττὴ
737 3354 884 3421 εὐλάβειαι
901 3354 930 3407 in
946 3353 1097 3422 posteriorc
1122 3354 1273 3409 constantia

278 3421 470 3477 emendationis
493 3436 597 3488 eorum,
629 3438 698 3490 quae
726 3422 880 3502 praeceptis
904 3423 959 3477 suis
981 3421 1117 3476 contraria
1141 3428 1271 3490 putasset.

277 3488 365 3558 Quum
383 3489 453 3543 enim
470 3488 507 3543 ibi
524 3488 626 3555 aliquid
642 3490 695 3544 tale
714 3496 757 3571 sut,
775 3497 914 3546 enarrator
931 3489 1053 3558 coniicit,
1078 3489 1106 3542 in
1124 3489 1270 3559 exemplari

277 3558 349 3613 illius
366 3557 445 3612 aliam
463 3557 622 3625 scripturam
639 3557 702 3612 olim
719 3557 815 3612 fuisse:
839 3559 957 3629 οὐγὰρ
975 3555 1013 3609 ἂν
1032 3557 1116 3611 αὐτὸ
1134 3559 1268 3630 ἀπαρα-

277 3625 432 3700 μύθητον
450 3627 466 3679 ὁ
481 3624 700 3698 Ἀρίσταρχος
717 3628 863 3697 ἀφῆκεν,
882 3645 933 3680 nora
950 3627 1191 3692 relictumsur'sset
1203 3625 1271 3680 tund

277 3695 332 3749 eim
347 3695 445 3748 medela
462 3705 507 3747 αιι
516 3696 640 3759 faremo.
674 3693 791 3748 Doctum
807 3694 859 3749 hoc
876 3701 917 3749 est
934 3700 963 3749 et
979 3699 1115 3750 vetustum
1134 3695 1268 3760 Scholion,

276 3761 326 3817 sed
343 3763 419 3818 caius
435 3767 530 3818 auctor
546 3767 650 3817 textum
667 3762 817 3816 Aristarchi
835 3778 889 3818 non
906 3763 1018 3818 viderat.
