3034 4434
650 438 831 552 s-te-

246 649 325 708 ninus
350 648 533 707 honoratum
554 647 683 705 minusve
703 645 898 720 pertinacem,
922 652 973 705 aut
994 646 1133 719 denique,
1158 662 1244 717 quum

246 732 362 784 veterem
376 726 454 783 iram
468 741 544 783 nova
559 723 726 797 expulisset,
738 723 832 781 minus
846 721 998 796 insignem,
1013 739 1118 794 acrem,
1132 720 1243 790 fortem,

246 802 432 875 generosum?
460 800 507 860 An
527 807 559 860 tu
579 800 681 859 mirum
702 806 798 874 putaS,
819 805 849 858 61
861 817 918 859 161
938 806 1070 870 naturae,
1090 799 1143 858 sed
1163 801 1243 872 artis,

190 926 193 933 ,
244 881 328 939 11161
347 879 459 953 mythis
481 879 558 935 illius
578 878 649 936 belli
669 894 756 935 unum
767 875 866 949 fuisse,
887 878 936 949 qui
947 878 1159 937 continuatione
1174 894 1243 948 qua-

244 957 300 1015 dam
314 957 488 1016 concinnum
503 960 532 1013 et
545 945 677 1028 partibu's
691 956 750 1029 suis
765 954 926 1013 ahsolutum
938 954 1060 1013 Carmen
1074 954 1242 1012 exhiberet?

243 1034 327 1106 Anne,
354 1034 413 1091 illis
435 1033 591 1105 concessis,
619 1033 756 1105 opinaris,
783 1031 873 1090 multo
894 1031 1039 1090 diversum
1059 1049 1131 1105 opus
1153 1032 1243 1089 exitu·

243 1128 298 1169 rum
318 1109 420 1182 fuisse,
443 1109 557 1169 etiamsi
578 1115 703 1180 quatuor
722 1114 828 1183 poetae
848 1109 936 1166 telam
951 1108 1167 1167 deterruissent?
1187 1109 1243 1166 Fe·

242 1189 319 1246 licem
341 1187 423 1246 dicas
444 1187 591 1260 populum,
613 1191 715 1260 utpote
729 1202 899 1258 magnorum
913 1191 1060 1258 gestorum
1075 1184 1242 1244 fecundissi-

243 1281 323 1334 mum,
344 1265 391 1322 cui
417 1263 561 1322 Carmima
591 1279 683 1337 prope
705 1270 809 1336 sponte
828 1269 992 1335 nascantur,
1027 1278 1101 1334 quae
1121 1263 1242 1322 aliorum

243 1343 409 1415 populorum
443 1340 645 1399 intentissimis
680 1340 785 1398 studiis
809 1345 839 1397 et
862 1339 972 1397 artibus
985 1357 1042 1399 non
1055 1341 1241 1413 proveniunt!

243 1418 347 1478 Rideas
367 1419 452 1477 licet:
474 1433 573 1475 verum
593 1418 636 1476 ita
656 1418 743 1490 plura
763 1422 833 1475 nata
846 1422 912 1473 sunt
925 1417 1040 1489 ingenio
1056 1417 1241 1487 Graecorum,

244 1497 342 1568 quibus
362 1494 494 1569 proiecto
515 1511 689 1567 careremus,
711 1494 768 1552 nisi
787 1494 829 1552 illi
851 1494 1035 1552 exstitissent.

650 1705 831 1779 XXVIII.

313 1879 360 1937 De
374 1879 507 1951 Odyssea
526 1880 619 1938 maior
634 1884 678 1936 est
691 1876 835 1935 dubitatio
850 1882 881 1935 et
894 1879 1030 1951 propriae
1045 1893 1141 1935 curae.
1175 1876 1240 1935 Non

242 1958 304 2028 quia
317 1956 415 2015 omnia
428 1956 458 2013 in
472 1956 522 2014 illa
536 1956 573 2015 ad
587 1955 713 2014 reditum
728 1953 842 2026 Ulyssis
857 1952 1036 2012 referuntur:
1068 1955 1132 2026 quis
1146 1953 1175 2011 id
1191 1955 1242 2012 11-

242 2030 499 2102 rescriptionem,
519 2049 594 2105 quae
609 2037 753 2090 errantem
769 2037 797 2088 et
811 2032 934 2104 patriam
949 2038 1136 2103 quaerentem
1151 2038 1181 2089 et
1195 2048 1240 2089 re-

242 2109 343 2169 ducem
353 2110 489 2182 Ulyssem
499 2107 757 2183 proponunt‘lsed
768 2107 845 2179 quod
855 2107 1019 2182 Penelopae
1031 2114 1060 2166 et
1071 2109 1239 2166 Telemachi

242 2185 355 2246 fortuna
365 2186 600 2260 domesticaeque
611 2186 792 2245 calamitates
805 2185 901 2244 herois
912 2202 1039 2258 congrua
1048 2187 1161 2245 ratione
1171 2191 1242 2243 tem-

241 2281 342 2337 porum
362 2280 397 2322 ac
417 2270 519 2323 tenore
539 2280 636 2322 rerum
655 2264 697 2320 sic
717 2263 874 2334 iunguntur
895 2277 958 2320 cum
979 2264 1104 2320 externis
1126 2263 1241 2320 casibus

238 2342 304 2414 eius,
325 2345 360 2398 ut
379 2342 510 2399 statima
529 2341 626 2399 limine
648 2341 678 2397 in
698 2338 810 2397 medias
836 2355 883 2396 res
904 2339 1044 2397 abstracti
1065 2355 1179 2412 semper
1204 2339 1241 2397 ad
1255 2350 1292 2390 121

236 2418 340 2477 exitum
360 2416 538 2492 festinemus,
559 2422 648 2489 atque
668 2416 839 2474 redeuntem
860 2432 925 2473 eum
945 2422 975 2474 et
994 2417 1091 2488 quiete
1105 2423 1171 2489 post
1197 2422 1241 2474 tot

232 2496 332 2555 aborcs
355 2497 518 2554 exantlatos
551 2500 717 2568 pacatoque
736 2509 828 2565 regno
847 2491 991 2551 fruentem
1015 2495 1138 2551 maxima
1152 2494 1241 2551 animi

235 2570 425 2632 sollicitudine
445 2571 545 2630 videre
567 2572 727 2645 cupiamus.
757 2565 843 2629 Unde
863 2568 902 2638 fit,
923 2577 955 2628 ut
970 2570 1129 2643 Odysseam
1143 2587 1237 2640 nemo,

234 2651 276 2707 cui
297 2649 413 2709 omnino
433 2649 545 2722 priscus
566 2656 650 2707 vates
671 2649 796 2721 placeat,
817 2648 873 2704 nisi
886 2648 1044 2720 perlectam
1059 2663 1074 2705 6
1088 2664 1174 2705 manu
1191 2647 1239 2705 de-

234 2743 341 2798 ponere
362 2732 459 2797 queat.
493 2725 604 2784 Atilia
627 2742 674 2783 ars
695 2725 725 2782 id
746 2726 840 2796 ipsum
861 2730 914 2796 est,
935 2724 1011 2796 quod
1033 2725 1079 2782 vix
1094 2742 1128 2782 ac
1142 2741 1178 2782 ne
1193 2725 1241 2782 vix

235 2804 349 2876 quidem
370 2803 476 2862 cadere
496 2803 611 2860 videtur
633 2803 661 2858 in
674 2809 777 2874 vatem,
799 2802 926 2873 singulas
940 2808 1053 2860 tantum
1067 2801 1239 2875 rhapsodias

235 2879 446 2952 decantantem,
461 2880 568 2953 quippe
583 2881 643 2951 qui,
657 2885 690 2936 ut
703 2878 741 2937 ad
752 2879 957 2950 cogitationem
967 2880 1033 2937 talis
1045 2880 1115 2937 artis
1128 2880 1240 2952 accingi

235 2958 386 3030 potuisset,
408 2957 455 3015 vel
474 2957 552 3030 apud
574 2957 815 3029 exquisitissimos
830 2956 978 3014 audltores
993 2956 1134 3028 Aspendii
1148 2957 1239 3014 citha·

234 3035 323 3093 ristae
343 3033 429 3094 modo
450 3035 527 3092 intus
548 3040 718 3093 cantaturus
739 3030 850 3091 fuisset.
891 3033 985 3105 Igitur
998 3033 1164 3091 Telemachi
1183 3034 1240 3091 iter

235 3111 269 3169 ad
289 3113 446 3170 Nestorem
473 3115 503 3168 et
521 3111 698 3182 Menelaum,
725 3109 839 3183 Ulyssis
861 3126 993 3168 secessus
1014 3111 1043 3167 in
1065 3110 1179 3182 Ogygia
1198 3111 1240 3166 in-

236 3189 308 3261 sula,
332 3189 402 3247 item
422 3188 649 3261 pulcherrimum
671 3186 802 3259 Carmen,
828 3188 858 3244 in
879 3203 935 3258 quo
956 3204 1068 3246 errores
1088 3189 1151 3260 ipse
1172 3204 1239 3246 suos

234 3264 412 3324 Phaeacibus
438 3263 600 3324 denarrans
622 3265 777 3336 inducitur,
802 3264 960 3335 eodemque
982 3264 1066 3324 modo
1088 3265 1176 3322 etiam
1195 3280 1240 3321 re-

233 3341 319 3415 lique,
338 3343 366 3401 h.
389 3359 415 3401 e.
437 3358 567 3401 seorsum
598 3349 628 3401 et
648 3343 727 3400 nulla
746 3342 928 3414 spectatione
948 3343 1101 3400 universae
1121 3339 1238 3408 formae,

233 3420 267 3478 ab
286 3420 415 3479 Homero
438 3420 597 3492 composita
618 3420 710 3477 videri
724 3425 854 3492 possunt,
875 3419 981 3490 diuque
996 3419 1151 3477 decantata
1165 3433 1238 3488 esse,

236 3498 402 3569 priusquam
434 3495 539 3567 aliquis
569 3497 704 3570 politiore
737 3502 767 3554 61
794 3496 1003 3554 abundantiore
1031 3495 1141 3553 artibus
1167 3508 1238 3550 aevo

234 3575 493 3644 animadverteret,
522 3589 558 3631 ea
583 3575 683 3646 paucis
704 3573 882 3645 recidendis,
910 3572 1066 3642 addendis,
1094 3567 1238 3625 mutandis

237 3651 272 3708 ad
291 3650 522 3726 perpetuitatem
536 3651 620 3708 unius
634 3652 731 3723 magni
745 3651 874 3723 corporis
889 3649 1019 3716 redacta,
1038 3660 1141 3704 novum
1155 3646 1238 3715 quasi

235 3733 264 3785 et
282 3728 444 3802 perfectius
466 3726 703 3799 splendidiusque
722 3732 936 3786 monumentum
955 3723 1025 3783 lore.
