3034 4434
623 619 659 632 -
689 590 802 648 131-

216 746 361 820 quentibus
394 743 508 805 Criticis
542 745 571 802 in
604 742 753 814 vulgatum
786 749 899 802 textum
924 747 1046 815 5555515
1054 741 1100 815 ⁹⁸).
1142 742 1211 801 Alia

216 830 314 892 autem,
335 838 410 896 quae
431 821 536 880 deinde
549 826 699 879 mutarunt
708 821 754 878 vel
767 821 932 878 reiecerunt
945 819 1072 879 editores
1087 824 1209 888 veteres,
1223 824 1262 867 ²¹⁸
1296 818 1304 834 '

214 917 266 960 non
287 906 353 958 sunt
373 899 469 959 omnia
490 899 639 969 eiusmodi,
661 902 693 954 ut
712 897 843 956 mutandi
856 913 961 955 555555
974 897 1127 956 videantur
1136 897 1211 955 satis
1263 983 1266 990 .

188 1120 190 1126 ·
274 1105 310 1172 ⁹⁸)
328 1102 398 1157 Vide
415 1101 450 1155 55
468 1118 494 1156 α.
508 1104 565 1155 108.
584 1103 646 1155 298.
667 1103 725 1155 553.
744 1100 775 1165 β.
787 1104 829 1154 53.
850 1103 907 1156 164.
927 1104 986 1156 436.
998 1103 1058 1159 447.
1076 1121 1101 1172 γ.
1115 1106 1211 1157 1835.

211 1172 263 1238 (ubi
280 1171 345 1226 11551
363 1170 477 1238 dubites,
495 1170 599 1238 παρειά
617 1184 651 1222 55
669 1168 829 1236 praetulerit
842 1169 1015 1223 Aristarchus
1033 1187 1069 1224 an
1080 1172 1211 1240 παρειάςι

211 1257 267 1294 nam
285 1241 314 1294 15
332 1238 400 1293 Ven.
417 1243 503 1304 textu,
521 1238 591 1290 sicut
607 1237 636 1290 15
648 1237 791 1304 lipsiensi,
810 1236 910 1305 legitur
921 1238 1036 1307 παρειάς
1054 1239 1125 1293 idem
1137 1245 1210 1293 certe

211 1310 314 1377 utrique
332 1307 465 1376 placuisse
484 1306 656 1385 perspicuum
675 1311 724 1373 est,
748 1310 776 1359 et
794 1304 827 1358 51.
846 1305 881 1358 55
894 1324 922 1376 χ.
942 1310 1013 1374 491.)
1032 1311 1091 1363 227.
1110 1327 1132 1360 ε.
1151 1311 1210 1363 638.

211 1377 263 1446 (551
287 1383 350 1446 5551
372 1376 553 1443 ineptissimos
571 1373 706 1427 dissensus
725 1373 884 1427 criticorum
903 1373 936 1427 de
954 1389 1011 1427 roc.
1031 1374 1086 1427 οἷον
1104 1376 1133 1429 15
1149 1377 1211 1429 Α51·

211 1446 346 1514 5155115515
365 1444 526 1511 scripturam
544 1447 617 1495 55515
636 1449 797 1495 conventum
816 1447 877 1509 est)
901 1443 922 1502 ζ.
944 1445 1000 1496 148.
1019 1461 1047 1506 μ.
1065 1446 1106 1497 26.
1125 1441 1149 1502 ξ.
1168 1449 1210 1498 40.

210 1518 247 1568 45.
275 1517 333 1568 236.
364 1516 423 1566 285.
454 1530 476 1564 o.
495 1516 536 1565 49.
564 1515 605 1564 53.
637 1514 693 1565 134.
711 1514 771 1566 601.
799 1513 902 1565 5175.
931 1529 953 1562 τ.
972 1511 1006 1565 76
1033 1512 1073 1566 77.
1104 1530 1132 1579 φ.
1153 1515 1211 1567 126.

158 1606 160 1618 ·
210 1585 236 1648 ψ.
253 1586 313 1637 463.
349 1583 381 1635 Ι5
398 1580 533 1634 nonnullis
551 1579 659 1646 quidem
676 1578 773 1632 horum
791 1578 942 1632 Aristarchi
959 1594 1057 1632 nomen
1075 1596 1128 1633 555
1146 1581 1210 1649 legi·

210 1657 258 1719 tur,
276 1665 347 1718 quac
364 1657 455 1702 tamen
473 1649 507 1702 ad
525 1647 715 1701 auctoritatem
733 1647 805 1700 iliius
818 1646 961 1701 reierenda
974 1648 1135 1715 5555555115
1148 1656 1211 1716 post

210 1719 383 1787 probabiliter
400 1716 546 1771 ostendam.
582 1714 660 1782 Quod
687 1715 709 1768 si
728 1715 840 1769 eruditis
858 1715 1016 1784 probavero,
1034 1717 1210 1784 Aristophani

211 1787 396 1841 celeberrimus
431 1784 579 1853 discipulus
612 1784 641 1837 in
672 1784 715 1837 his
744 1784 911 1854 5105τὴ5555
941 1782 1121 1850 adstipulatus
1151 1790 1209 1839 est:

213 1872 238 1925 5.
259 1874 429 1955 roa-roo.
465 1861 525 1925 is'o‘.
569 1873 628 1924 235.
665 1889 681 1922 ι.
709 1872 872 1952 car-saa.
902 1888 925 1924 ι,
951 1870 1208 1953 satjau-aea

210 1957 228 2009 r.
257 1958 404 2015 roc—784.
432 1956 596 2022 (vor-otoo
625 1953 650 2014 ε.
667 1959 709 2010 55.
728 1960 787 2010 515.
806 1957 951 2012 arr-327.
970 1977 995 2012 ο.
1013 1956 1123 2012 oo-rt.
1152 1957 1209 2011 147.

212 2047 264 2097 148.
282 2061 311 2097 π.
330 2045 388 2095 261.
408 2059 431 2093 a.
448 2043 508 2095 597.
527 2045 586 2095 598.
605 2058 629 2092 τ.
642 2043 701 2096 327.
721 2044 749 2107 ψ.
768 2046 827 2097 824.
846 2046 905 2097 825.
925 2061 955 2095 ω.
970 2044 1045 2097 6-9.
1064 2043 1209 2098 614-617.

210 2111 309 2177 Quibus
327 2109 355 2163 in
373 2109 452 2177 locis,
475 2109 498 2162 si
515 2124 617 2176 paucos
635 2110 788 2178 exceperis,
811 2111 920 2179 egregia
938 2111 1044 2165 critices
1062 2126 1074 2163 s
1095 2110 1209 2165 ecimina
1232 2174 1234 2178 ,

210 2194 278 2246 esse,
301 2185 329 2232 51
346 2178 445 2246 partim
463 2177 592 2230 imitanda
610 2177 675 2230 mihi
692 2178 822 2245 putabam
840 2180 916 2233 uncis
934 2125 1209 2248 5555515555555-

209 2263 264 2302 rum
283 2246 432 2302 defensioni
449 2246 518 2300 alius
537 2245 611 2299 locus
629 2244 780 2300 destinatus
798 2254 847 2302 est.

274 2315 327 2369 Hic
346 2320 374 2368 et
392 2331 440 2368 eae
459 2315 607 2384 ἀθετήσεις
625 2314 764 2369 addendae
777 2321 847 2378 sunt,
865 2315 893 2368 in
906 2314 1002 2383 quibus
1013 2315 1209 2383 Aristophanes

208 2384 373 2439 Zenodotum
392 2389 499 2436 secutus
518 2389 559 2436 est
576 2390 693 2450 quatuor
701 2382 795 2436 modis.
824 2382 933 2436 Etenim
946 2383 1029 2450 aliqui
1041 2397 1135 2437 versus
1146 2382 1209 2436 abe·

209 2459 267 2506 rant
284 2452 319 2505 ab
338 2451 479 2519 utriusque
497 2456 583 2516 textu,
601 2457 632 2503 ut
651 2452 703 2505 duo
721 2452 764 2505 hi:
784 2453 856 2519 (nam
875 2452 967 2519 515555
984 2467 1037 2504 555
1055 2453 1209 2514 notanturz)

158 2528 162 2549 ²
207 2538 227 2572 a.
244 2525 305 2576 498.
325 2525 353 2574 51
371 2539 391 2572 o.
412 2524 452 2574 33.
489 2518 601 2573 Talibus
626 2536 690 2588 ergo
714 2519 781 2574 levis
804 2518 871 2573 fides
894 2525 936 2572 est
958 2517 991 2572 ab
1017 2518 1209 2584 antiquissimis

207 2588 293 2655 libris;
312 2593 351 2656 51,
370 2588 392 2641 51
410 2587 443 2642 55
462 2604 514 2641 uss.
532 2587 612 2640 huius
631 2589 737 2656 generis
755 2589 881 2642 accurate
899 2602 1070 2640 moneremur
1087 2588 1115 2639 15
1128 2585 1209 2640 Scho-

158 2702 161 2709 .
206 2657 255 2722 liis,
273 2674 328 2711 non
346 2657 456 2710 dubium
475 2664 524 2723 est,
543 2655 608 2724 quin
624 2657 705 2725 vulgo
722 2672 794 2710 nuno
810 2656 894 2710 multo
913 2656 993 2709 aliter
1010 2660 1038 2707 51
1055 2654 1156 2707 rectius
1175 2653 1209 2708 55

206 2727 317 2794 antiqua
333 2724 385 2779 hac
404 2725 518 2780 audacia
529 2725 692 2795 ἀθετήσεων
706 2725 866 2779 sentiremus
903 2722 957 2778 Sed
966 2738 1053 2793 55555
1065 2722 1119 2791 illa,
1138 2737 1208 2791 quae

206 2793 372 2862 accepimus,
395 2809 491 2848 manca
508 2798 570 2846 sunt
588 2794 722 2847 interdum
739 2794 769 2846 ’51
786 2792 903 2859 1555515,
929 2798 1057 2860 tanquam
1075 2791 1210 2858 inpriore

205 2863 316 2917 istorum
335 2862 526 2929 exemplorum,
544 2880 568 2914 κ.
580 2866 648 2929 498,
667 2861 710 2915 551
728 2861 819 2915 versui
836 2876 905 2914 unus
923 2860 1017 2914 saltem
1036 2874 1070 2913 ex
1081 2859 1211 2928 proximis

207 2945 295 2985 comes
313 2929 451 2984 addendus
468 2929 583 2983 videtur.
611 2931 680 2983 Tum
698 2930 744 2983 alii
759 2944 853 2983 versus
865 2945 882 2982 a
894 2929 1030 2983 Zenodoro
1043 2929 1210 2999 ὴθετημένοι

206 3004 289 3061 erant,
308 3013 376 3066 quos
394 2998 473 3066 plane
493 2998 582 3053 omisit
595 2999 798 3066 Aristophanes.
830 2996 930 3050 Verum
948 3003 1053 3050 tantum
1067 3013 1136 3059 unus
1149 2996 1211 3050 talis

205 3074 322 3135 notatur,
333 3067 357 3126 ξ.
368 3071 424 3120 114,
442 3067 513 3120 Item
525 3082 608 3120 unum
621 3067 773 3134 exemplum
786 3066 900 3135 legimus
912 3081 1036 3119 versuum
1048 3064 1083 3119 ab
1095 3071 1211 3133 utroque

205 3136 393 3206 ὴθετημὲνων,
412 3154 428 3205 η
453 3139 588 3190 195-199
631 3135 725 3203 Longe
743 3134 845 3203 plures,
865 3134 961 3202 quibus
978 3141 1070 3188 notam
1088 3133 1211 3188 reiectio·

205 3204 245 3258 nis
262 3205 433 3273 appinxerat,
456 3219 491 3256 ex
509 3219 541 3257 eo
559 3219 657 3272 genere
677 3213 763 3270 erant,
790 3202 862 3271 quod
888 3218 922 3256 55
941 3201 1086 3270 scripserat
1103 3202 1211 3270 quidem

206 3272 369 3333 Zenodotus,
388 3273 451 3324 οὐδὲ
471 3272 626 3341 ἐγεγράφει.
658 3270 772 3339 Quales,
796 3273 819 3324 si
838 3270 994 3326 Scholiastis
1012 3270 1159 3339 credimus,
1181 3269 1211 3323 hi

206 3340 374 3408 potissimum
400 3346 477 3393 erant
504 3341 537 3395 ab
564 3340 747 3407 Aristophane
776 3341 941 3411 aristophanes
966 3340 985 3392 i.
1003 3354 1026 3393 5.
1053 3340 1118 3392 noris
1141 3357 1210 3390 eom-

204 3411 308 3474 puocti:
332 3407 360 3460 θ.
378 3412 437 3462 284.
456 3410 601 3464 385-387.
619 3413 678 3464 553.
700 3412 760 3463 554.
781 3427 789 3460 ι
810 3412 921 3464 23-25.
939 3412 997 3464 690.
1016 3427 1040 3460 κ.
1052 3412 1111 3462 253.
1130 3406 1208 3460 113.

208 3481 246 3530 14.
265 3478 377 3532 78-83.
399 3480 455 3531 180.
474 3480 533 3532 356.
551 3481 602 3532 515
627 3495 655 3540 μ.
678 3480 821 3533 175-180.
841 3480 901 3530 450.
937 3475 998 3530 Uno
1017 3475 1133 3544 denique
1151 3474 1210 3527 loco

206 3563 232 3612 φ.
253 3549 319 3613 130,
337 3543 384 3596 551
401 3544 473 3599 hunc
492 3550 520 3599 et
537 3560 611 3614 seqq.
631 3549 647 3599 5
672 3560 768 3598 uorsus
785 3544 972 3613 compunxisse
991 3543 1090 3598 dicitur
1106 3542 1211 3595 Aristo·

205 3612 316 3681 phanes,
335 3612 415 3666 unius
432 3613 513 3667 huius
531 3613 679 3667 auctoritas
697 3608 825 3667 laudatur
842 3628 971 3667 seorsum.

272 3681 331 3736 lam
358 3695 487 3735 summam
510 3681 548 3735 151
566 3697 691 3736 versuum
716 3681 847 3750 omnium,
869 3680 933 3734 hnic
956 3678 1056 3734 Critico
1074 3681 1211 3746 suspecto·

206 3763 276 3813 rum;
303 3755 332 3804 et
349 3749 457 3803 minime
475 3749 622 3818 mirabere,
647 3765 695 3804 cur
718 3749 764 3803 ille
782 3765 799 3803 5
816 3748 953 3802 veteribus
970 3762 1102 3815 nusquam
1118 3760 1210 3814 repre·

206 3817 341 3874 hendatur
358 3811 393 3870 ob
411 3817 507 3872 nimias
525 3818 679 3889 ἀθετήσεις.
714 3819 800 3873 Immo
819 3816 887 3872 satis
902 3816 1027 3872 modeste
1041 3814 1123 3885 iecit,
1141 3814 1222 3881 5555
