3034 4434
722 544 903 597 ..56-

310 699 373 754 tcta
401 699 497 751 mente
524 692 607 764 quasi
637 708 701 750 cum
728 692 785 750 ihis
816 693 913 750 rivere
938 690 1097 763 cogant55).
1144 692 1315 763 Quaerere

312 772 400 829 etiarn
420 771 492 828 talia
512 769 655 841 quaedam
675 775 834 828 manarunt
855 769 986 828 solennia
1007 768 1083 841 apud
1104 774 1216 841 poetae,
1242 786 1316 842 quae

311 854 375 906 orta
395 847 519 920 primum
540 862 555 904 e
577 852 657 906 certa
669 849 849 916 persuasione
865 852 971 922 vatum,
992 861 1066 903 nunc
1079 852 1195 904 sacrata
1209 866 1316 902 cooae-

271 931 297 970 9³
311 927 401 980 cadiae
420 940 452 982 se
472 929 598 982 tuentur.
631 924 678 982 Ita
702 923 849 994 hodieque
877 923 1039 995 longiorum
1051 923 1225 982 *Garmiuum
1251 939 1316 982 con-

311 1001 418 1060 ditores
433 1001 565 1070 eundem,
579 1017 664 1072 quern
677 1001 766 1073 prisci
780 1001 823 1058 illi
838 1000 1008 1072 credebant,
1022 997 1151 1058 afflatum
1164 1000 1317 1060 Musarum

311 1083 342 1136 et
360 1077 503 1152 Apollinis
525 1079 734 1150 ementiuntnr,
764 1082 794 1135 et
815 1078 853 1136 ab
873 1078 909 1135 iis
930 1077 1109 1150 numinibus,
1138 1093 1213 1149 qnae
1233 1094 1318 1137 nemo

311 1172 376 1214 esse
396 1156 497 1229 credit,
519 1156 618 1215 doctos
639 1172 671 1214 sc
691 1158 766 1210 coece
786 1164 906 1226 cautam,
928 1172 986 1214 non
1005 1154 1128 1214 humano
1148 1170 1229 1214 more
1243 1158 1320 1228 loque·

310 1234 356 1291 vel
375 1235 488 1289 caetae
507 1234 655 1291 simulant:
678 1249 713 1290 ex
733 1248 790 1304 quo
813 1233 872 1290 iam
892 1232 914 1288 ii
935 1248 1049 1303 quoque
1069 1242 1178 1302 canuae,
1209 1233 1260 1304 qui
1280 1249 1318 1291 ne

305 1313 489 1382 pronunciare
508 1310 623 1382 quidem
643 1315 724 1368 recte
744 1315 877 1383 possunt,
899 1314 986 1381 atque
1007 1311 1144 1365 auditores
1163 1309 1219 1367 sibi
1240 1307 1330 1368 futn³¹

309 1404 357 1446 ros
378 1393 496 1461 sperant
515 1404 658 1459 versuum,
679 1387 729 1459 qui
749 1402 956 1458 nonnunquam
977 1386 1031 1445 soli
1051 1386 1232 1460 typographo
1247 1390 1318 1443 ecri-

310 1468 417 1537 buntur,
444 1471 473 1524 et
498 1465 534 1523 ab
561 1466 611 1524 illo
637 1465 781 1523 duntaxat
807 1464 975 1537 syllabatim
996 1468 1125 1535 beantur.
1167 1463 1226 1523 Sed
1245 1463 1319 1523 haec

311 1547 341 1600 et
359 1543 448 1601 multo
468 1543 562 1616 plura,
583 1542 687 1615 quibus
709 1547 831 1600 nostrae
854 1541 986 1614 poeticae
1006 1541 1082 1599 ratio
1103 1546 1132 1599 et
1152 1558 1200 1599 ars
1215 1539 1253 1599 ab
1268 1557 1319 1599 an-

309 1620 391 1692 tiqua
411 1617 571 1698 roqueta-pre
591 1619 696 1690 differt,
718 1620 754 1678 ab
778 1619 845 1677 aliis
866 1619 1014 1691 magistris
1027 1619 1227 1690 cognoscenda
1241 1625 1318 1678 sunt.

310 1697 456 1771 Spemaut
474 1698 574 1757 licebit
593 1697 645 1756 has
666 1698 800 1769 argutias
823 1700 952 1768 nostras,
979 1695 1140 1767 quicunque
1159 1695 1320 1755 Homerum

309 1774 439 1834 iudicare
459 1780 606 1846 nequeunt
631 1774 744 1835 nisiex
766 1774 877 1833 nostris
897 1774 1030 1846 ingeniis,
1056 1772 1141 1831 modo
1160 1770 1319 1846 fateantur,

310 1851 432 1910 diversis
453 1853 605 1910 sententiis
625 1849 759 1909 addictos
783 1867 837 1910 nos
857 1867 915 1910 non
935 1850 1100 1909 temeritate
1120 1849 1187 1908 duci
1207 1850 1246 1909 ad
1267 1851 1320 1909 ali·

310 1936 357 1988 ter
376 1928 569 1987 iudicandum.

386 2007 449 2064 Nec
468 2021 537 2064 vero
557 2005 639 2064 nobis
659 2005 730 2078 ipsis
751 2003 890 2063 credibile
906 2010 1000 2080 esset,
1022 2003 1156 2064 Carmina
1170 2021 1188 2064 a
1202 2005 1319 2064 vatibus

311 2086 341 2140 et
359 2081 526 2141 memoriter
545 2083 704 2155 composita
730 2087 759 2140 et
789 2081 872 2140 unius
894 2082 1050 2140 memoriae
1069 2082 1230 2142 ministerio
1250 2099 1317 2156 pro·

195 2205 204 2220 ,
310 2164 418 2232 pagata
439 2175 512 2231 esse,
533 2160 683 2230 (nonnulla
697 2160 772 2217 enim
787 2175 844 2218 non
868 2163 935 2218 sunt
957 2159 1118 2231 credibilia,
1138 2175 1213 2231 qnae
1226 2159 1317 2219 histo-

308 2236 355 2293 ria
375 2237 453 2309 cogit
472 2237 619 2310 credere,)
646 2253 739 2309 neque
759 2236 900 2308 mirarer,
925 2237 949 2294 si
970 2237 1033 2308 quis
1053 2237 1099 2296 rel
1118 2237 1168 2293 nni
1188 2235 1317 2296 Homero

309 2313 452 2384 quendam
465 2331 547 2373 usum
567 2314 712 2373 scribendi
731 2310 763 2371 ἐν
784 2309 960 2392 ἀποῤῥῆτοις
979 2312 1068 2372 luisse
1093 2311 1230 2386 fingeret,
1259 2314 1317 2372 nisi

310 2391 525 2463 vulgatissimus
553 2393 620 2451 olim
640 2409 701 2451 mos
721 2391 872 2450 recitandi
894 2396 924 2449 et
943 2392 1035 2450 omnis
1054 2391 1176 2450 historia
1194 2392 1317 2465 rhapso

311 2466 412 2527 dorum
432 2471 696 2542 argumentationes
718 2474 748 2527 et
768 2469 902 2527 rationes
923 2475 1036 2528 nostras
1057 2469 1226 2541 gravissime
1249 2485 1317 2528 con·

309 2542 445 2606 firmaret.
485 2548 519 2605 In
538 2547 590 2606 illa
610 2551 707 2606 autern
727 2553 773 2604 est
786 2546 928 2617 maxime,
941 2546 1017 2617 quod
1031 2546 1190 2619 scrupulos,
1211 2545 1316 2618 quibus

310 2639 444 2683 assensus
465 2624 624 2697 cohibetur,
644 2625 759 2697 penitus
781 2623 940 2681 exanimis
963 2624 1076 2681 evellat.
1116 2622 1211 2682 Docet
1230 2624 1317 2695 enirn,

310 2715 366 2771 quo
386 2706 472 2775 pacto
492 2699 556 2758 fieri
574 2702 711 2774 potuerit,
737 2705 771 2758 ut
789 2704 870 2776 aetas
894 2697 1000 2757 ἀοιδῶν
1019 2701 1202 2774 scriptoriam
1221 2705 1317 2758 artem

310 2778 357 2834 vel
375 2794 431 2836 non
451 2777 641 2849 desideraret,
661 2783 817 2849 autequam
830 2776 963 2835 Graecae
976 2778 1093 2850 linguae
1110 2783 1211 2851 aptata
1227 2783 1316 2850 esset,

272 2854 369 2925 uvel,
394 2869 480 2924 quum
504 2855 562 2912 iam
586 2855 642 2914 coli
666 2855 826 2929 coepisset,
851 2853 932 2927 ligno
958 2861 988 2914 et
1012 2855 1077 2913 aliis
1097 2854 1331 2928 operosioribns'

310 2931 412 2988 massis
432 2947 524 3003 aequo
546 2933 640 2991 animo
660 2933 849 3004 relinqueret.
1087 2952 1090 2955 ·

378 3095 413 3159 ⁵⁵)
430 3093 501 3147 Hinc
519 3092 649 3148 vocabula
667 3109 702 3147 ex
719 3093 773 3147 hoc
790 3092 864 3146 civili
886 3091 961 3146 cultu
978 3099 1034 3146 tarn
1051 3107 1114 3145 rara
1131 3096 1194 3144 sunt
1205 3091 1234 3144 in
1245 3090 1316 3160 opti·

309 3161 359 3216 mis
376 3161 473 3229 poetis.
506 3161 577 3215 Hinc
595 3160 723 3231 Virgilius
741 3162 770 3214 in
786 3159 930 3229 Aeneide,
949 3161 1001 3215 etsi
1018 3159 1189 3214 Homericam
1206 3159 1316 3213 sinceri·

309 3235 394 3284 tatem
411 3235 523 3284 naturae
542 3229 570 3282 in
587 3230 708 3298 plurimis
726 3230 808 3285 rebus
826 3243 882 3282 non
901 3231 1054 3298 assequitur
1072 3228 1214 3296 omniaque
1231 3227 1317 3283 habet

309 3298 450 3364 fucatione,
467 3314 599 3366 nusquam
616 3299 786 3367 scripturam,
807 3304 835 3350 et
854 3314 924 3365 quae
937 3298 972 3352 ad
984 3297 1197 3366 eampertinent,
1215 3311 1315 3350 memo·

309 3371 361 3421 rat.
395 3365 491 3435 Neque
509 3373 598 3421 tamen
615 3384 669 3421 uno
687 3367 745 3422 loco
764 3366 1011 3422 satiscaritlerem
1023 3381 1149 3432 errorem,
1167 3364 1314 3434 inSibylla,

314 3435 437 3487 Oaruriuu
462 3437 490 3486 irc
507 3436 578 3500 tolita
596 3437 752 3489 describente
768 3437 838 3487 rotie
855 3445 878 3487 et
898 3437 1043 3489 homicidam
1060 3434 1111 3502 ΙΠ,
1128 3438 1187 3488 443.
1205 3432 1254 3500 VI,
1273 3435 1314 3488 lt

310 3503 421 3572 Innnc,
439 3509 466 3556 et
484 3503 609 3572 Gorgiae,
627 3502 730 3573 Ovidio,
749 3502 880 3570 Tragicis,
899 3502 1040 3571 Virgilium
1050 3502 1118 3558 adde
1130 3501 1315 3571 gravissimum

310 3577 416 3640 testem,
435 3572 535 3641 quippe
553 3578 715 3640 perpetuum
732 3571 847 3627 Homeri
864 3573 1035 3629 imitatorem.
