3034 4434
640 571 818 625 ,19-

234 717 316 776 Unam
338 719 415 776 hanc
429 719 678 789 quaestiunculam
692 718 853 777 discedenti
866 719 993 779 Homero
1006 736 1167 794 proponere
1181 722 1230 781 ob

233 795 295 853 litus
316 801 363 852 est
382 792 496 853 facetus
516 792 669 867 fabulator,
691 811 833 867 quaenam
844 812 880 854 ex
890 801 935 855 tot
954 795 1075 855 diversis
1089 799 1231 858 recensio

233 871 310 929 nibus
337 869 490 944 probanda
510 878 588 930 esset
608 872 649 943 ei,
677 873 726 943 qui
746 873 827 931 illum
847 888 911 930 cum
931 879 1075 945 apparatu
1095 874 1232 934 librorum

232 949 336 1021 legere,
364 951 416 1005 ant
435 948 500 1020 ipse
521 948 557 1005 de
576 947 622 1006 his
643 949 730 1007 rebus
750 949 880 1009 iudicare
899 964 956 1008 non
976 956 1101 1008 clamet.
1138 952 1232 1010 Nimis

233 1026 304 1083 enim
324 1025 513 1082 temerarium
527 1030 605 1084 esset
619 1031 648 1083 et
662 1025 915 1097 inconsideratum,
936 1026 1019 1084 unice
1033 1042 1098 1084 eam
1111 1028 1233 1101 scriptu-

231 1118 299 1172 ram,
321 1117 397 1172 quae
418 1117 470 1159 sno
485 1117 557 1159 aevo
570 1099 645 1160 forte
659 1118 785 1174 casuque
795 1103 914 1174 vulgata
926 1100 1060 1174 ferretur,
1080 1120 1133 1177 pro
1152 1110 1233 1163 recta
1275 1114 1276 1119 ’

233 1184 260 1236 et
285 1178 414 1250 genuina
433 1177 551 1235 habere.
590 1178 704 1236 Numne
723 1178 779 1238 hoc
798 1178 878 1236 aliud
898 1185 957 1250 est,
983 1195 1069 1250 quam
1090 1181 1161 1252 eius,
1184 1182 1233 1252 qui

232 1256 306 1313 inter
326 1255 425 1327 plures
446 1254 616 1312 novissimus
637 1254 749 1313 locutus
771 1255 818 1327 sit,
839 1255 974 1313 assentiri
987 1258 1167 1315 sententiae?
1188 1258 1234 1316 Ita

232 1332 366 1389 nimirum
386 1331 436 1402 qui
457 1331 546 1388 sentit
565 1329 602 1388 de
622 1331 747 1404 scriptis,
773 1333 799 1390 si
819 1332 879 1389 vita
900 1333 962 1390 eius
982 1333 1012 1389 in
1032 1332 1111 1390 aliud
1132 1349 1234 1392 aevum

233 1406 393 1478 incidisset,
421 1407 508 1465 aliam
528 1407 674 1479 vulgatam
694 1407 936 1481 comprobandam
955 1407 1089 1479 haberet3
1121 1410 1189 1481 quin
1209 1410 1235 1468 si

234 1490 330 1543 textus
352 1483 388 1543 ab
402 1484 485 1541 initio
500 1483 629 1556 prolatus
645 1500 680 1542 ex
693 1484 797 1543 iisdem
810 1483 891 1543 libris
907 1489 993 1555 esset,
1015 1501 1136 1555 quorum
1148 1484 1234 1545 fidem

235 1561 411 1633 sequendam
432 1575 497 1618 esse
511 1566 607 1632 negat,
627 1576 732 1633 magno
746 1560 842 1619 studio
856 1561 1081 1634 amplecteretur
1095 1578 1139 1634 ea,
1160 1579 1234 1633 quac

234 1654 310 1695 nunc
330 1638 441 1709 spernit
463 1652 498 1695 ac
516 1637 621 1694 reiicit.

310 1714 412 1784 Neque
438 1717 507 1771 vero
532 1712 656 1785 denique
681 1715 832 1786 quisquam
858 1714 962 1773 menda
986 1713 1170 1772 librariorum
1190 1715 1235 1772 vel

235 1791 461 1863 typothetarum,
483 1805 557 1861 quae
577 1790 692 1849 saeculo
707 1807 758 1848 suo
773 1791 803 1847 in
816 1792 963 1863 vulgatam
975 1790 1129 1848 lectionem
1142 1791 1234 1864 irrep

235 1873 344 1938 serunt,
365 1873 424 1925 tam
445 1871 545 1924 sancte
566 1867 763 1925 conservanda
782 1874 874 1938 putet.
895 1867 983 1926 Velut
1001 1883 1094 1940 nuper
1114 1868 1143 1924 in
1162 1868 1234 1925 mul·

235 1945 273 2002 tis
288 1943 370 2002 editt.
385 1943 498 2015 vulgari
512 1948 645 2015 coeptum
656 1950 701 2002 est
715 1942 738 1999 λ.
754 1950 819 2002 546.
833 1942 923 2022 ὁμίλῳ
937 1962 990 2018 pro
1004 1941 1110 2020 ὁμίλου,
1121 1964 1152 2021 μ.
1168 1950 1232 2004 340.

233 2017 306 2076 αὐτά
324 2038 353 2092 p.
373 2015 474 2088 αὐτάς,
491 2039 520 2095 ρ.
539 2021 604 2079 750.
626 2015 707 2098 ἴσχεν
719 2038 748 2093 p.
763 2016 839 2099 ἴσχει
858 2027 913 2079 etc.
953 2023 1051 2079 Hasce
1071 2021 1150 2080 leves
1173 2037 1234 2080 ma-

233 2097 321 2168 culas,
342 2096 439 2169 credo,
460 2095 589 2168 abstergi
602 2097 707 2154 sinunt.
727 2097 851 2155 Utamur
864 2114 934 2170 ergo
947 2099 1098 2172 permissu,
1119 2098 1233 2170 quando

233 2174 338 2231 similia
359 2189 390 2230 se
409 2173 471 2230 leni
490 2174 661 2231 correctioni
674 2173 804 2246 offerent,
823 2175 893 2233 licet
903 2175 1013 2247 aliquot
1022 2175 1146 2233 saeculis
1159 2176 1233 2233 anti-

235 2251 344 2321 quiora.
386 2248 463 2321 Quid
489 2254 586 2307 autem
606 2266 641 2307 ea
660 2248 768 2321 dicam,
793 2266 867 2322 quae
887 2248 1135 2308 Mcoconvsocrc'av
1155 2252 1233 2310 illam

234 2325 386 2386 manifeste
412 2325 540 2399 produnt
568 2326 693 2384 humana
711 2327 890 2400 negligentia
910 2334 940 2385 et
959 2329 1074 2386 inscitia
1093 2328 1232 2398 vitiatam,

233 2403 420 2462 barbarismis
442 2407 473 2459 et
492 2403 676 2474 soloecismis,
696 2403 789 2475 iisque
803 2403 1056 2475 depravationibus
1070 2405 1233 2462 sententiae

235 2487 265 2537 et
283 2479 432 2548 orationis,
454 2494 525 2550 quas
546 2495 629 2538 nemo
650 2479 679 2536 in
698 2480 760 2539 ullo
774 2481 924 2552 scriptore,
944 2479 1051 2536 nedum
1064 2478 1093 2535 in
1106 2479 1161 2538 hoc
1174 2496 1271 2542 θην-,33

233 2557 311 2615 nium
334 2556 483 2630 principe,
516 2571 608 2627 aequo
635 2557 729 2615 animo
755 2554 851 2615 ferat?
890 2555 984 2612 Huius
1009 2570 1122 2625 quoque
1145 2561 1232 2614 notae

235 2650 326 2705 pauca
347 2632 507 2704 subiiciam,
529 2637 559 2689 ct
578 2632 649 2689 talia
668 2634 801 2705 maxime,
821 2649 895 2704 quae
910 2632 1013 2704 exiguo
1028 2629 1117 2688 ductu
1130 2631 1233 2689 calami

235 2709 271 2766 ad
290 2709 537 2782 praestantiorum
562 2708 700 2767 librorum
724 2716 825 2768 nutum
850 2707 953 2781 refingi
978 2713 1122 2781 poteraut.
1158 2708 1233 2767 Nam

236 2804 258 2841 ε.
272 2792 339 2845 416.-
360 2784 437 2864 λχῶρ
459 2785 573 2843 abiecta
592 2802 650 2843 una
669 2786 769 2844 littera
782 2786 905 2859 praebet
918 2785 1096 2844 verissimam
1111 2785 1233 2858 scriptu·

235 2879 294 2921 ram
307 2863 375 2941 ἰχῶ,
390 2878 476 2934 quam
489 2861 623 2920 Eustath.
638 2861 805 2922 doctissimo
820 2864 922 2935 cuique
936 2863 1003 2922 olim
1016 2863 1161 2934 placuisse
1174 2869 1233 2920 tra·

236 2939 284 3012 dit,
305 2939 344 2997 ad
365 2938 482 2997 modam
502 2937 666 3011 formarum,
692 2937 774 3016 ἱδρῶ,
799 2940 897 2996 κυκεῶ
918 2946 948 2998 et
967 2940 1110 3000 similium.
1149 2941 1233 2999 Illam

236 3017 309 3074 enirn
329 3016 479 3087 vulgatam
492 3015 599 3072 nemini
611 3031 736 3086 unquam
749 3022 853 3075 neutro
867 3031 974 3088 genere
985 3014 1144 3074 adhibitam
1159 3032 1232 3087 esse,

236 3100 356 3151 centena
382 3092 447 3150 loca
466 3091 643 3149 medicorum
663 3092 782 3164 docent;
816 3108 909 3163 neque
929 3092 959 3149 id
979 3092 1132 3150 voluerunt
1150 3093 1180 3164 ii,
1214 3109 1232 3150 a

234 3169 333 3239 quibus
355 3184 421 3226 eam
441 3168 612 3241 accepimus,
640 3169 677 3226 ad
698 3186 818 3240 quorum
837 3175 962 3226 mentem
981 3170 1082 3240 ntique
1102 3175 1232 3241 apostro-

236 3245 305 3317 phus
320 3243 473 3304 addendus
488 3243 591 3302 fuerat.
612 3245 671 3303 Sed
683 3246 738 3304 hoc
752 3247 853 3303 vitium
864 3246 923 3303 iam
935 3244 1092 3303 Barnesius
1106 3246 1231 3304 sustrdit.

234 3321 264 3379 ln
284 3322 388 3382 eodem
408 3320 482 3380 libro
501 3338 526 3378 v.
543 3328 607 3380 394.
628 3322 705 3380 idem
719 3339 756 3381 ex
769 3322 851 3381 codd.
872 3323 932 3379 suis
946 3323 1092 3394 corrigere
1107 3321 1232 3382 debebat

235 3397 359 3472 ineptum
371 3415 431 3454 κεν.
454 3399 515 3470 Quo
527 3399 651 3458 admisso
666 3401 811 3458 sententia
820 3415 909 3472 prave
918 3400 1047 3456 imitatur
1060 3399 1232 3471 hypothesin
1338 3457 1342 3463 ,

238 3491 333 3533 versus
356 3481 423 3546 388,
454 3491 540 3546 quum
569 3476 665 3547 potius
698 3476 825 3534 eiusdem
856 3476 970 3549 generis
990 3476 1029 3533 sit
1048 3491 1083 3533 ac
1102 3476 1232 3548 proxima

236 3567 258 3606 ν.
278 3559 344 3611 395.
361 3567 423 3623 sqq·
443 3551 499 3609 Est
520 3552 594 3609 enim
612 3553 693 3624 haee,
714 3552 765 3631 τλῆ
778 3546 855 3630 Ἥρη,
875 3549 925 3608 ὅτε
940 3571 986 3628 μιν
1006 3549 1149 3628 κρατερὸς
1167 3553 1232 3613 παῖς

236 3620 262 3682 Ἀ.
281 3625 375 3705 dibre?
390 3624 490 3701 βαλὼν
510 3623 638 3707 ὀδύνῃσιν
658 3623 778 3686 ἔδωκεν.
812 3629 891 3687 Alibi
910 3634 1010 3686 contra
1035 3628 1177 3701 particula
1197 3643 1233 3681 κε

238 3702 406 3763 oblitterata
426 3685 666 3764 constructionem
686 3711 865 3778 corruperat,
885 3711 918 3762 ut
933 3724 963 3780 ρ.
986 3711 1050 3762 629.
1078 3702 1175 3761 Simile
1196 3717 1232 3759 ex

237 3794 290 3839 una
309 3779 443 3840 litterula
463 3781 568 3838 vitium
584 3787 629 3839 est
649 3779 760 3847 dextr.
781 3778 947 3851 ἐλάσαντες,
967 3779 1142 3838 nominativo
1161 3777 1232 3836 nihil

955 3907 963 3915 ,
1061 3880 1089 3922 ‘2'
