3034 4434
731 504 910 563 ..72-

319 674 427 731 nesque
447 657 618 732 rhapsodias
632 657 682 714 uui
692 657 844 730 proposito
859 657 1006 728 subiicias,
1027 655 1065 714 ad
1077 658 1198 728 plor-tam
1211 656 1325 728 quidem

318 736 439 795 Achillis
460 736 553 807 magis
574 751 659 807 quam
680 734 754 792 alius
776 735 945 806 cuiusquam
960 733 1065 792 Graeci
1079 738 1131 791 aut
1145 733 1266 792 Troiani
1277 735 1326 792 be·

319 814 377 873 rois
407 818 470 872 tota
489 812 575 881 llias,
601 811 638 869 ad
665 831 806 878 memorem
829 815 903 866 iram
930 811 991 870 eius
1011 810 1104 869 maior
1123 816 1239 869 tautum
1257 828 1325 884 pars

319 895 446 964 speetat3
470 895 503 947 ut
529 888 682 948 admodum
708 889 831 960 mireris,
862 888 940 960 quod
959 889 989 945 in
1008 887 1086 946 nullo
1108 887 1211 946 codiee
1232 888 1327 947 adhue

317 984 370 1040 pro
390 968 446 1026 isto
468 966 585 1026 exordio
605 965 723 1025 bouvel
744 965 824 1024 aliud
843 967 947 1023 melius
967 965 1113 1022 inventum
1133 965 1185 1023 sit:

420 1057 552 1117 ΚΥΔθΣ
569 1057 659 1129 ἄειδε,
680 1056 749 1128 θεά,
771 1056 940 1152 Πηληιάδεω
961 1055 1094 1192 Ἀξιλῆος,

420 1134 482 1202 ὅςιΨ
503 1135 572 1202 εἵως
590 1134 710 1213 βασιλῆϊ
729 1155 948 1230 νιοτεσσοιιιενονςι
963 1131 995 1192 ἐν
1025 1135 1103 1212 νηυσὶ

420 1216 509 1283 κεῖτο,
528 1208 672 1292 Ἀχαιοῖσιν
693 1231 725 1269 τε
748 1211 796 1269 καὶ
817 1210 899 1291 αὐτῷ
915 1227 951 1269 at
969 1216 992 1269 ι’
1013 1205 1134 1282 ἔδωκεν,

419 1287 511 1367 αὐτὰρ
531 1288 719 1367 ἀνιστάμενος
745 1287 852 1367 Τρωσὶν
873 1291 921 1364 ναὶ
936 1231 1049 1366 {arvom
1068 1287 1129 1367 δίῳ.

267 1399 305 1439 119
320 1383 368 1458 [el.
389 1382 487 1442 Briefe
513 1401 550 1442 an
574 1385 676 1457 Heyne
701 1403 729 1458 p.
754 1383 831 1457 121]
877 1383 1095 1444 subabsurdum
1120 1382 1210 1456 foret,
1236 1384 1326 1444 talem

319 1462 499 1535 diligentiam
519 1462 698 1520 subtiliorem
720 1478 785 1520 esse
805 1462 903 1520 dicere
925 1478 1010 1534 quam
1024 1478 1077 1534 pro
1090 1461 1248 1521 Homerico
1261 1478 1326 1520 sae

318 1541 395 1599 culo:
421 1555 475 1597 nee
500 1537 530 1594 id
557 1539 654 1598 dieere
675 1540 773 1597 ausint
792 1540 828 1610 ii,
853 1539 956 1611 quibus
976 1559 997 1594 ιι
1015 1534 1152 1603 οέκθεσις
1173 1538 1326 1611 Odysseae

318 1617 355 1674 ab
381 1617 445 1690 ipso
465 1617 591 1675 Homero
617 1617 787 1689 praeposita
813 1617 959 1674 videatur:
987 1558 1117 1674 §merent
1145 1616 1223 1673 enim
1244 1617 1326 1675 illum

318 1693 391 1753 adeo
410 1691 557 1765 infantem,
583 1699 721 1765 utquam
741 1698 834 1751 artem
853 1695 962 1767 primus
983 1693 1213 1765 ingeniosissime
1234 1710 1325 1764 quae-

318 1771 447 1843 sivisset,
472 1771 518 1828 vel
537 1769 664 1843 prudens
685 1777 765 1828 oerte
788 1787 823 1828 ex
842 1777 947 1829 natura
967 1776 997 1828 et
1016 1769 1117 1829 ordine
1137 1768 1256 1828 fabulae
1277 1787 1325 1829 oe-

317 1846 465 1921 pissetffi),
499 1863 562 1905 eam
591 1862 627 1904 ue
655 1862 815 1918 agnoscere
842 1848 957 1920 quidem
983 1852 1014 1906 et
1038 1846 1133 1905 verbis
1160 1848 1325 1920 exprimere

316 1925 454 1997 potuerit.

226 2068 228 2073 Ι
392 2001 482 2057 Immo
502 2015 570 2057 vero
590 1998 661 2057 illud
682 2015 795 2071 quoque
810 2000 928 2059 dubium
942 2008 995 2074 est,
1017 2018 1054 2060 au
1064 2001 1208 2060 Homerus
1222 2000 1322 2060 Achil·

316 2077 351 2134 lis
372 2077 417 2134 sui
437 2091 591 2148 personam
613 2075 714 2134 eodem
734 2077 797 2137 loeo
818 2077 962 2151 habuerit,
982 2095 1038 2151 quo
1061 2094 1125 2136 eam
1145 2094 1245 2137 omnes
1260 2076 1322 2136 fere

316 2154 388 2212 artis
408 2153 540 2224 magistri
558 2152 675 2211 habent.
708 2155 784 2212 Nam
804 2171 891 2226 quum
904 2156 953 2214 ille
966 2157 1071 2214 seriem
1085 2155 1321 2227 gravissimarum

316 2246 413 2288 rerum
440 2245 498 2288 uon
523 2227 653 2299 finxerit,
680 2231 731 2289 sed
757 2230 835 2291 fama
860 2232 1066 2306 aeceperit⁸⁷)‚
1091 2248 1159 2290 num
1188 2233 1241 2290 illa
1260 2233 1322 2291 veri

316 2323 419 2380 parum
439 2307 545 2365 similia
565 2307 708 2380 videntur,
727 2309 845 2368 heroem
865 2307 1052 2368 fortissimum
1071 2325 1135 2368 eum
1155 2310 1247 2382 copiis
1261 2311 1321 2368 suis

317 2383 353 2442 ab
380 2385 508 2442 exercitu
533 2384 718 2444 secedentem
743 2386 920 2445 desiderium
948 2388 992 2444 sui
1012 2401 1141 2459 movere,
1168 2387 1322 2460 ipsumque

317 2461 455 2521 otiantem
474 2462 683 2534 Agamemnoni
704 2469 734 2522 et
755 2463 876 2522 Graecis
896 2465 1050 2537 plurimum
1069 2464 1180 2535 negotii
1195 2469 1226 2521 et
1239 2480 1321 2522 oura-

316 2540 379 2598 rum
400 2535 555 2612 abhibere,
581 2556 647 2600 mox
672 2541 810 2599 audacius
831 2541 1007 2599 irruentibus
1027 2541 1160 2600 Troianis
1179 2543 1320 2614 revocari,

317 2621 348 2674 at
368 2633 502 2690 asperum
523 2624 552 2674 et
572 2618 779 2677 inexorabilem
800 2620 892 2676 virum
911 2634 1022 2690 negare
1042 2619 1166 2691 primum
1188 2624 1217 2675 et
1232 2618 1321 2692 tergi-

316 2694 440 2764 versari,
468 2693 571 2750 deinde
593 2696 735 2753 communi
761 2696 892 2769 periculo
913 2695 1073 2753 concedere
1094 2695 1232 2765 amioum,
1259 2703 1321 2754 tan-

265 2791 303 2831 mo
318 2770 397 2840 dem,
423 2770 472 2828 illo
493 2770 628 2828 Hectoris
653 2772 784 2830 manibus
812 2788 910 2844 caeso,
937 2773 1034 2845 ipsum
1053 2772 1212 2829 ulciscendi
1232 2789 1321 2831 eausa

316 2845 412 2904 redire
433 2845 470 2903 ad
484 2862 619 2919 pugnam,
639 2848 755 2919 votique
777 2855 938 2922 compotem
957 2846 1020 2907 iure
1039 2849 1149 2907 belliin
1162 2849 1320 2910 Hectorem

317 2919 449 2980 saevire?
467 2923 552 2994 Num,
574 2925 598 2981 si
618 2925 802 2997 Thucydides
823 2927 869 2984 vel
881 2927 1049 2999 Xenophon
1068 2927 1145 2985 hune
1164 2942 1274 2985 annum
1292 2929 1321 2984 in

317 2999 435 3056 annales
455 3000 612 3072 retulisset,
632 3001 786 3068 Achillem,
808 3019 895 3074 quum
915 3004 1110 3069 secessionem
1130 3002 1259 3077 fecisset,
1273 3004 1321 3062 de

317 3074 443 3133 scribere
463 3081 580 3148 poterat
599 3079 692 3136 minus
714 3079 920 3152 desideratum,
942 3086 1004 3153 aut,
1024 3096 1111 3152 quum
1124 3087 1320 3153 revocaretur,

384 3285 420 3350 ⁸⁶)
434 3282 466 3337 ’H
482 3286 524 3338 διὰ
542 3288 640 3359 τέχνην
658 3290 675 3358 ἢ
693 3289 739 3341 διὰ
757 3290 847 3358 φύσιν.
872 3290 985 3345 Aristar.
1005 3291 1081 3346 Poet.
1099 3307 1121 3345 c.
1139 3295 1164 3345 8.

382 3370 505 3449 8⁷)‚Nam
529 3387 579 3426 neo
604 3375 693 3428 omnia
719 3375 753 3428 ad
779 3377 923 3432 veritatem
946 3377 989 3429 vel
1008 3391 1043 3429 ex
1060 3382 1189 3445 corrupta
1206 3378 1321 3432 veritate

315 3443 407 3491 narrat
424 3439 531 3518 ullorum
550 3446 702 3508 temporum
721 3444 821 3511 poesis,
842 3461 930 3513 neque
948 3444 1038 3498 omnia
1055 3445 1141 3513 fingit,
1158 3452 1189 3499 ut
1201 3446 1322 3516 olimpu-

316 3506 410 3585 tabant
428 3508 479 3560 v1ri
497 3508 576 3562 docti.
613 3509 666 3564 Sed
683 3511 785 3565 frustra
802 3513 962 3581 plerumque
981 3513 1117 3582 laborant,
1141 3514 1188 3582 qui
1205 3521 1320 3584 utraque

316 3575 467 3630 d1seernere
486 3577 586 3631 volunt.
625 3579 821 3634 Praedixerunt
840 3582 949 3636 Musae:

462 3659 551 3728 Ἰδμεν
570 3663 676 3729 ψεύδεα
694 3665 779 3718 πολλὰ
791 3667 878 3734 λέγειν
898 3668 1035 3731 ἐτύμοισιν
1054 3670 1141 3732 ὁμοῖα,

468 3729 544 3795 ἴδμεν
565 3734 598 3796 d',
618 3732 675 3787 εὖτ’
694 3735 843 3800 ἐθέλωμεν,
863 3733 969 3806 ἀληθέα
985 3737 1173 3807 μυθήσασθαι.
