3034 4434
625 586 739 640 -149
765 613 804 624 -

217 735 367 794 sollertiae
378 734 557 794 emendantis
567 734 794 808 imputemus²⁸p
814 735 910 809 doque
923 737 1000 796 idem
1013 734 1213 796 1111111111-

215 811 346 871 tiendum
373 813 429 870 erit
454 812 492 870 de
518 812 647 871 omnibus
672 813 778 885 ineptis
804 815 1004 873 etmaximam
1024 814 1213 887 paroemiam
1226 819 1264 862 2⁴³

215 890 281 949 olim
307 889 424 947 reiectis
451 889 623 960 lectionibus
650 889 725 961 eius,
755 905 826 961 quas
852 907 906 962 ego
932 891 1047 963 quidem
1066 889 1213 950 Zenodoto

212 967 308 1040 potius
329 972 380 1024 aut
399 966 486 1024 alioui
505 967 633 1039 priorum
647 965 790 1025 editorum
803 982 890 1038 quam
901 968 1070 1027 Aristarcho
1084 968 1213 1040 assigna-

213 1040 354 1113 verimffl).
394 1043 506 1116 Nempe
526 1043 606 1102 aliud
627 1049 679 1115 est,
699 1044 826 1101 retinere
846 1043 955 1115 aliquid
968 1045 998 1103 in
1012 1050 1103 1117 textu,
1124 1043 1212 1117 aliud,

211 1119 375 1178 adsciscere
395 1120 517 1192 primum
538 1121 582 1179 vel
603 1135 638 1179 ex
652 1121 817 1179 coniectura
829 1137 980 1194 reponere.
1008 1122 1101 1180 Nemo
1115 1128 1213 1180 autem

214 1198 342 1270 ignorat,
367 1212 453 1268 quam
477 1199 507 1254 in
535 1197 590 1256 hoe
614 1213 721 1269 genere
748 1195 863 1255 difficile
884 1198 935 1269 sit,
961 1214 1059 1256 omnes
1085 1200 1213 1257 maculas

214 1291 299 1331 unum
319 1272 419 1332 videre
440 1279 470 1332 et
490 1274 596 1346 eluere,
617 1275 789 1348 praesertim
808 1275 838 1333 in
851 1273 925 1334 libro
940 1275 1098 1346 antiquitus
1109 1275 1213 1348 depra-

210 1355 293 1424 vato,
327 1356 357 1408 et
383 1367 448 1408 eum
477 1352 548 1424 ipsis
579 1350 832 1425 depravationibus
857 1367 945 1424 saepe
969 1351 999 1408 in
1022 1351 1212 1411 imitationem

215 1433 324 1498 traet03
345 1427 432 1500 idque
453 1434 550 1486 aetate
571 1444 607 1488 ea
626 1427 732 1501 facere,
753 1444 828 1500 quae
849 1427 1065 1500 grammaticam
1085 1434 1115 1486 et
1134 1429 1213 1486 eriti-
1225 1435 1265 1476 244

210 1520 275 1563 eam
295 1501 445 1582 ἀκρίβειαν
465 1504 580 1564 vixdum
600 1510 697 1564 natam
716 1505 839 1563 viderat.

279 1701 316 1767 ²⁸)
330 1700 358 1755 Α.
374 1704 499 1755 106108.
518 1700 603 1761 εἴπας.
624 1701 680 1756 157.
699 1701 839 1755 σκιόωντα,
857 1705 916 1756 241.
935 1702 1000 1755 τότε
1018 1701 1045 1754 δ’
1064 1699 1131 1755 οδτι.
1150 1702 1210 1758 447.
1323 1731 1327 1749 ι

212 1771 301 1841 ἱερήν.
325 1773 385 1824 522.
412 1771 449 1840 μή
467 1789 499 1823 τι.
522 1771 550 1832 μ’.
569 1773 628 1823 266.
652 1768 762 1837 ἔκφυγε.
785 1786 810 1837 γ.
829 1773 888 1824 352.
913 1771 1038 1839 δαμῆναι.
1054 1774 1113 1824 362.
1131 1769 1210 1841 αὐτῇ.

212 1841 236 1893 δ.
256 1841 315 1896 170.
338 1839 448 1901 πότμον.
472 1841 530 1891 426.
559 1837 607 1890 ἰόν.
635 1856 660 1891 ε.
678 1839 737 1892 272.
759 1838 890 1908 μήστωρε
917 1854 966 1906 pro
994 1839 1126 1909 μήστωρι.
1150 1841 1210 1894 881.

217 1906 393 1977 ὑπερφίαλον.
413 1908 434 1965 ξ.
453 1908 494 1962 76.
512 1907 609 1970 μάντις
625 1907 653 1958 τ’
671 1907 835 1967 οἰωνοπόλος
852 1925 891 1962 τε.
908 1911 968 1963 288.
982 1905 1021 1960 ‘H
1036 1906 1061 1959 δ’
1081 1906 1121 1966 εἰς
1138 1905 1210 1958 οἷκον

212 1977 292 2029 ἰοῦσα
311 1975 467 2044 παρίστατο
485 1977 676 2045 φωριαμοῖσιν.
693 1975 772 2045 1173.
791 1974 818 2028 δ’
837 1975 866 2027 έν
884 1977 939 2047 γὰρ
952 1976 1036 2029 ἔασιν.
1047 1979 1106 2030 240.
1118 1973 1210 2044 δηΐων.

210 2049 272 2101 481.
299 2044 433 2106 τιέμεναι.
461 2062 478 2098 a
495 2047 536 2098 36.
565 2046 633 2116 ἠμὲν
662 2045 718 2096 νέοι
742 2043 791 2116 ἠδὲ
816 2045 948 2115 γέροντες
964 2062 991 2114 p.
1009 2045 1145 2116 ἡγήτορες
1161 2043 1211 2115 ἡδὶ

212 2116 357 2177 μέδοντες.
377 2116 433 2166 128.
452 2120 481 2165 et
497 2112 561 2166 alibi
579 2113 726 2176 ἀμύμονας.
762 2113 872 2176 (Zenod
891 2114 1025 2177 ἀμύμονα.
1049 2113 1082 2167 cf.
1100 2111 1210 2166 Hesion

212 2182 317 2249 Theog.
334 2183 406 2239 2641
427 2184 482 2235 132.
502 2178 597 2252 Κούρῃ
615 2179 666 2249 Bp.
685 2180 729 2233 ἐπὶ
746 2181 777 2233 δὲ
793 2199 821 2245 μ.
839 2185 861 2235 o.
881 2185 997 2246 ὀμοῦμαι
1014 2184 1138 2251 (propter
1149 2196 1211 2235 oon·

214 2256 309 2305 111111.
329 2249 362 2302 ci.
381 2247 474 2317 Odysa
492 2249 520 2314 β.
542 2253 612 2315 120.)
629 2252 688 2303 322.
707 2249 869 2314 πολεμίξειν,
887 2251 921 2304 al.
940 2251 1035 2319 opinor
1052 2249 1210 2312 πολεμίζων.

215 2339 234 2372 κ.
251 2322 312 2374 341.
333 2316 420 2376 devio
436 2336 485 2377 τις.
504 2338 527 2370 ν.
544 2321 603 2372 384.
620 2318 683 2438 W
701 2317 874 2387 ἐπαμύντωρ.
892 2317 916 2377 ἒ.
935 2323 994 2374 223.
1011 2318 1096 2390 μέσῳ.
1115 2336 1138 2369 ο.
1149 2321 1209 2372 252.
1324 2348 1330 2366 ·

215 2386 337 2446 decadae.
368 2390 426 2441 394.
460 2385 591 2450 ἀκέσματ’
634 2403 732 2437 κασσι.
765 2404 790 2437 σ.
816 2390 875 2440 506.
908 2387 1064 2457 ἀμοιβηδόν.
1096 2404 1124 2453 φ.
1153 2388 1210 2438 126.

214 2455 331 2513 ἐπαΐξαι.
357 2458 415 2509 265,
440 2455 570 2525 οἷμήσειτ.
592 2456 699 2575 ξ416.
722 2453 869 2534 κηδάμενόν
892 2472 962 2536 κερ..
978 2458 1045 2534 468.
1060 2452 1132 2519 βάλε
1150 2453 1210 2505 oea·

213 2519 1210 2670 111111131131111..11ῗ1111111118131111111

212 2661 336 2715 omnibus
359 2659 433 2713 libris
456 2660 577 2714 fuissent.
613 2659 692 2715 Nunc
714 2674 778 2714 vero
801 2665 892 2713 mount
909 2658 1042 2727 quaedam
1058 2657 1165 2738 rllorum
1181 2670 1211 2710 m

212 2729 257 2783 111
277 2768 284 2782 .
303 2735 380 2782 textu
397 2735 497 2796 nostro,
521 2744 590 2796 quae
608 2744 651 2782 me
670 2728 751 2782 etiam
769 2727 907 2795 poeniteat
924 2727 1071 2796 reliquisse,
1094 2740 1210 2781 maxime

212 2745 278 2852 illud
295 2799 426 2868 μήστωρε
444 2815 466 2851 ι.
485 2799 543 2852 272.

280 2883 317 2949 19)
334 2882 424 2937 Etiam
455 2882 534 2936 huius
560 2882 666 2952 generis
692 2883 836 2937 lectionum
862 2883 969 2937 brevem
993 2881 1107 2938 indicem
1126 2879 1211 2937 dabo:

215 2950 242 3006 Α.
259 2956 319 3006 434.
337 2951 455 3019 ἀφέντες
466 2951 509 3005 1111
524 2952 648 3032 ἐφέντες.
660 2957 719 3007 518.
743 2949 817 3022 Ἥρη
834 2952 962 3005 nominat.
978 2970 1003 3021 γ.
1014 2955 1073 3006 326.
1085 2950 1210 3005 ἑκάστου.

218 3023 274 3074 348.
294 3025 322 3073 et
338 3039 367 3081 ρ.
380 3024 421 3074 44.
441 3026 468 3073 ο1
486 3019 550 3073 alibr
569 3036 649 3088 saepe
668 3022 731 3073 οὐδ’
751 3018 868 3090 ἔρρηξεν
883 3020 989 3140 {adadu
1009 3021 1032 3073 δ.
1047 3021 1086 3074 17.
1100 3017 1134 3070 οὔ
1145 3037 1210 3079 πως.

219 3105 240 3142 a.
260 3089 319 3143 874.
348 3089 375 3139 δ’
394 3086 532 3158 ἀνδρεσσι.
559 3107 584 3159 η.
602 3093 642 3144 64.
671 3090 777 3143 πόντον.
806 3092 862 3143 197.
904 3088 967 3140 ido.
993 3091 1052 3143 304.
1076 3089 1212 3158 ἀκιϊμὴτῳ.

216 3157 241 3210 d.
262 3161 318 3212 109.
338 3157 471 3226 κομείτην.
489 3161 547 3211 449.
566 3159 646 3210 τοῖον.
665 3177 681 3211 ι.
701 3161 741 3210 18.
759 3157 845 3225 μέγάς
861 3157 906 3224 (cf.
925 3156 1031 3225 Didym.
1050 3156 1085 3211 ad
1100 3159 1211 3228 16111.)

211 3228 253 3279 66.
271 3225 454 3294 φυλακτῆρας.
472 3228 530 3279 214.
548 3226 689 3295 ἀπαείρας.
708 3227 767 3281 297.
780 3225 959 3295 τιμήσονται.
977 3227 1036 3282 576.
1047 3227 1138 3296 ψιλῆς.
1150 3230 1210 3281 601.

214 3298 288 3362 τιμῆς
306 3294 387 3362 genit.
406 3312 429 3346 κ.
449 3297 508 3348 225.
526 3291 606 3363 εἴτι-ρ
624 3312 657 3347 τι.
676 3294 699 3347 1.
717 3298 759 3349 72.
779 3294 876 3364 ὑσμίνη
901 3325 934 3336 -
958 3293 1030 3366 ἔχεν.
1047 3299 1106 3350 439.
1124 3295 1210 3356 τέλος.

215 3362 236 3421 ξ.
255 3365 296 3418 72,
322 3364 378 3414 ὅτε.
403 3365 461 3416 202.
487 3381 523 3426 με
541 3364 640 3444 σφοῖσι.
669 3382 692 3415 ο.
711 3366 771 3417 439.
798 3365 914 3416 τέκεσσι.
931 3382 958 3416 π.
978 3366 1036 3418 638.
1055 3360 1212 3434 Σαρπηδόνι

212 3430 269 3501 δίῳ.
295 3432 354 3485 775.
378 3431 393 3481 ὁ
411 3432 441 3482 δέ
459 3431 647 3520 στροφαλιφφι,
666 3431 739 3499 quod
756 3431 885 3485 remansit
901 3432 990 3486 adhuc
1008 3431 1101 3500 Odyss.
1119 3451 1149 3484 ω.
1167 3435 1210 3486 39.

214 3527 243 3539 —
262 3518 290 3568 p.
309 3504 350 3555 27.
373 3498 436 3550 οὐδέ
453 3517 492 3552 τε.
511 3502 569 3553 202.
593 3517 621 3550 αι
641 3499 683 3570 δή.
707 3503 766 3554 681.
790 3495 881 3552 ἴδοιτο.
904 3519 929 3554 σ.
948 3504 1007 3555 485.
1026 3499 1210 3568 ἐστεφάνωκε.

213 3583 237 3619 ο.
254 3571 314 3623 228.
333 3565 437 3621 ἄλλοτε,
461 3572 521 3623 255.
547 3566 631 3620 πολλὰ
653 3569 689 3620 τά
708 3586 738 3622 τε
756 3568 799 3621 καὶ
817 3568 882 3622 οὐκί.
900 3587 929 3638 φ.
947 3572 1007 3623 252.
1029 3567 1145 3631 μέλανός
1162 3587 1210 3621 τοο

212 3635 302 3701 (τινός.
320 3635 353 3690 cf.
372 3634 406 3689 ad
425 3654 455 3688 ω.
468 3637 539 3702 315.)
553 3654 581 3707 χ.
594 3636 652 3690 475.
670 3636 800 3707 ἦμπνντο.
819 3637 900 3691 Plura
917 3637 945 3690 in
961 3637 1004 3690 his
1022 3651 1128 3705 quoque
1147 3643 1211 3690 sunt

213 3704 353 3757 manifesta
370 3703 467 3758 menda
484 3704 642 3772 scripturae.
