3034 4434
688 550 866 603 -118-

723 832 846 908 XLII.

355 1006 456 1067 Redeo
477 1007 515 1065 ad
535 1007 611 1066 viros
632 1006 741 1075 doctos,
761 1007 811 1078 qui
831 1004 925 1064 adhuc
944 1005 1043 1064 mvuut
1062 1007 1094 1064 in
1113 1009 1276 1081 superstiti-

278 1083 332 1144 bus
359 1084 547 1158 scriptoribus
574 1089 604 1143 et
624 1083 802 1143 Scholiastis.
843 1082 1012 1155 Quanquam
1032 1083 1225 1156 plurimorum
1245 1102 1276 1144 er

278 1162 335 1219 illis
359 1162 493 1235 precaria
518 1161 578 1220 vita
603 1166 657 1220 est
695 1161 763 1232 lpse
789 1158 906 1232 quidem
928 1158 1041 1231 Zoilus,
1076 1157 1275 1221 famosissimis

269 1235 383 1303 tabulis
403 1237 528 1298 ludibrio
548 1238 673 1297 omnium
691 1242 855 1310 temporum
873 1235 1013 1309 obiectus,
1033 1236 1142 1310 quibus
1162 1239 1276 1311 potissi·

278 1331 356 1373 mum
379 1315 410 1372 iu
428 1314 515 1373 rebus
535 1314 680 1374 allamarit
698 1313 871 1385 Homerum
897 1329 1002 1386 parum
1022 1312 1194 1386 constat02).
1233 1317 1276 1374 Ita

279 1392 493 1464 nonnullorum,
518 1392 568 1463 qui
587 1392 723 1449 dicuntur
742 1391 792 1449 uni
810 1391 856 1449 rei
876 1405 929 1448 seu
948 1391 1087 1450 vocabulo
1107 1397 1217 1465 poetae
1237 1399 1275 1452 to

228 1491 267 1532 res
279 1473 339 1528 tam
359 1469 447 1528 vitam
466 1468 662 1542 insumpsisse,
682 1483 719 1525 ne
738 1467 811 1526 haec
831 1465 948 1538 quidem
967 1473 1027 1526 tam
1046 1483 1222 1529 aerumnosa
1240 1470 1277 1527 in·

224 1604 226 1607 ,
279 1553 366 1604 venta
384 1547 470 1619 plene
490 1551 628 1618 excerpta
645 1542 827 1616 legimusst:
858 1543 908 1602 alii
934 1542 1008 1604 adeo
1028 1561 1087 1603 una
1105 1561 1200 1618 prava
1220 1563 1277 1606 cor·

278 1623 421 1695 rectione,
448 1622 499 1680 alii
522 1639 580 1681 nna
603 1621 859 1694 interpretatione,
884 1620 935 1678 alii
960 1637 1017 1681 uno
1042 1627 1166 1681 accentu
1185 1623 1277 1696 istam

279 1714 366 1772 quam
385 1699 517 1772 diximus,
537 1698 782 1759 immortalitatem
802 1695 903 1771 adepti
923 1696 1047 1770 suntor

347 1895 383 1960 ⁶2)
401 1893 430 1948 si
446 1892 513 1946 nihil
530 1892 563 1946 de
581 1893 656 1948 Zoilo
674 1898 829 1960 superesset
836 1898 947 1961 praeter
958 1893 1005 1948 illa
1017 1893 1052 1949 ad
1061 1912 1087 1949 ο.
1099 1899 1182 1950 129.ε
1202 1902 1228 1951 4.
1239 1898 1279 1951 20.

278 1982 302 2016 κ.
320 1965 380 2017 274.
404 1980 429 2014 ο.
447 1964 489 2015 22.
514 1967 541 2014 et
558 1959 635 2014 Euat
664 1960 700 2015 ad
717 1958 810 2028 Odyss.
837 1977 864 2029 p.
885 1965 974 2031 1614,
999 1961 1114 2018 invisam
1138 1965 1164 2018 ei
1186 1965 1280 2045 possin

270 2045 386 2086 omnem
409 2028 492 2082 fuisse
510 2028 627 2095 diceres,
649 2029 785 2098 planeque
801 2028 952 2098 ignoratam
989 2031 1050 2085 risui
1060 2035 1130 2085 ⁴aevi
1147 2038 1279 2087 rationem

271 2097 412 2152 sentiendi
441 2096 627 2165 loquendique.
667 2099 699 2151 In
723 2113 777 2164 quo
800 2102 892 2151 tamen
914 2098 940 2152 n'
964 2099 970 2112 '
1002 2098 1147 2155 admodum
1171 2107 1280 2170 praeter

280 2172 385 2222 ceteros
402 2166 539 2232 peccavit:
562 2164 641 2219 modo
664 2166 766 2221 rabiem
790 2165 924 2220 addidisse
947 2165 1055 2221 ridetur
1077 2167 1230 2236 profectam
1246 2169 1279 2224 ab

279 2233 428 2289 acerbitate
455 2240 484 2287 et
506 2234 640 2301 pravitate
663 2234 753 2288 animi.
790 2233 892 2289 Similia
915 2233 969 2290 illis
985 2251 1067 2304 saepe
1084 2236 1164 2290 multi
1182 2237 1279 2291 nostris

280 2301 445 2370 temporibus
469 2300 597 2356 adversus
620 2301 680 2356 Vet.
702 2303 776 2356 Test.
800 2302 965 2371 scripserunt
991 2303 1109 2372 impune.
1153 2304 1279 2360 Ceterum

279 2371 415 2427 Zoilorum
432 2369 553 2438 historia,
572 2370 654 2424 etiam
671 2378 733 2438 post
744 2370 917 2439 Hardionem,
935 2388 990 2427 non
1006 2372 1102 2440 paucis
1114 2371 1279 2430 difficultati·

279 2440 330 2495 bus
354 2439 485 2509 impedita
507 2446 556 2494 est.
591 2437 645 2492 Sed
667 2438 858 2493 celeberrimus
880 2456 973 2495 eorum
995 2439 1069 2494 haud
1093 2440 1176 2495 dubie
1195 2443 1278 2496 rbem

279 2508 340 2578 orit,
357 2524 437 2576 quem
455 2515 545 2562 tamen
563 2506 609 2561 ubi
627 2507 723 2562 Strabo
741 2507 862 2628 apopellat
878 2506 925 2563 Vl.
944 2525 971 2577 p.
988 2511 1047 2564 271.
1065 2510 1147 2577 (417.)
1166 2509 1196 2563 in
1212 2525 1280 2564 mar-

280 2580 370 2646 ginem
392 2576 539 2645 releganda
561 2582 628 2644 puto
651 2574 746 2644 verba,
808 2577 855 2628 τὸν
872 2573 989 2647 Ὅμηρον
1013 2578 1106 2647 ψέγων
1131 2576 1170 2637 ὡς
1193 2579 1279 2643 μυθο-

278 2663 396 2715 γραφον.

272 2721 275 2726 ’
353 2732 389 2797 63)
413 2731 450 2786 Ut
472 2731 607 2798 Nectelis,
636 2730 721 2799 ignoti
752 2730 890 2798 scriptoris
913 2729 975 2783 ὅλον
1002 2730 1062 2796 βίον
1088 2731 1188 2798 (minus
1210 2731 1278 2786 bene

280 2797 374 2851 Valck.
398 2800 462 2868 ὅλην
480 2799 591 2867 βίβλον)
614 2800 775 2868 γράψαντος
802 2799 866 2867 περὶ
884 2803 934 2868 τῆς
950 2800 1019 2851 κατὰ
1037 2796 1101 2859 τοὺς
1118 2799 1214 2870 ἥρωας
1231 2818 1278 2853 το·

280 2866 363 2928 Εείας,
378 2868 488 2934 eompil.
507 2867 541 2921 ati
559 2871 586 2920 ri.
605 2872 663 2922 323.
682 2871 740 2922 325.
761 2873 788 2920 et
805 2867 935 2922 Dorothei
947 2867 1129 2936 Ascalonitoe,
1147 2867 1214 2938 περὶ
1234 2871 1280 2922 τοῦ

280 2934 381 2986 κλισίαν
404 2935 442 3000 (in
465 2935 523 2989 loco
547 2935 640 3005 Odyss.
665 2956 695 2989 ω.
713 2939 785 3000 wi.)
810 2934 845 2988 ad
865 2936 945 2990 190.
981 2935 1034 3002 Qui
1051 2936 1188 3004 posterior
1205 2942 1279 2991 certe

279 3017 335 3057 non
351 3009 413 3056 ante
431 3004 614 3059 Aristonicum
637 3010 665 3058 et
683 3004 705 3057 T
738 3003 855 3082 phonem
898 3004 945 3058 sed
963 3002 1009 3056 diu
1027 3015 1091 3058 ante
1108 3004 1279 3060 Athenaeum

279 3069 364 3149 vixit,
391 3071 435 3124 cui
457 3071 582 3125 laudatur
603 3079 661 3126 tum
683 3021 748 3126 aiiii
774 3077 831 3125 tum
857 3043 918 3125 in.
936 3089 962 3140 p.
981 3075 1040 3128 319.
1057 3071 1090 3126 11.
1109 3087 1143 3126 ex
1162 3073 1280 3142 grandis

280 3153 381 3193 srmoo
403 3154 460 3207 ere,
487 3139 595 3207 eodem,
619 3146 649 3194 ut
671 3146 746 3208 puto,
764 3141 840 3194 cuius
858 3141 957 3195 mentio
981 3139 1012 3193 tit
1038 3140 1073 3194 ed
1100 3159 1122 3194 κ.
1141 3144 1202 3196 252.
1238 3141 1279 3195 lta

280 3207 363 3260 etiam
413 3208 514 3262 eotsles
535 3209 633 3263 iterum
656 3209 774 3263 occurrit
799 3227 829 3263 ω.
849 3212 905 3262 118.
939 3208 1022 3263 Aliud
1049 3215 1091 3263 est
1107 3209 1207 3280 itur,
1231 3225 1278 3278 per

279 3282 365 3330 totam
382 3277 465 3330 vitam
477 3278 597 3346 cogitare
615 3278 649 3332 de
667 3277 807 3346 aliquare,
825 3275 906 3346 aliud,
923 3277 990 3331 nihil
998 3283 1109 3346 praeter
1139 3292 1192 3333 anc
1202 3293 1280 3333 unam

279 3358 337 3398 rem
355 3352 480 3398 tractare.

349 3430 386 3490 ⁶4)
403 3429 536 3497 Exemplo
560 3429 613 3483 sint
636 3431 677 3498 bi,
704 3447 786 3500 quos,
814 3431 936 3499 quamvis
959 3431 1098 3500 aliquanto
1116 3432 1280 3498 posteriores

188 3509 190 3512 ·
279 3497 417 3553 Zenodoto
435 3497 587 3566 plerosque,
606 3504 681 3552 tanto
700 3498 836 3553 lubentius
853 3498 898 3552 hic
915 3499 1041 3568 anticipo,
1064 3499 1187 3567 quisita
1205 3499 1279 3555 nobis

281 3581 347 3620 area
358 3573 547 3635 perpurgatur,
566 3573 606 3619 tot
616 3565 735 3620 obscuris
743 3567 895 3621 homiuibus
904 3566 1024 3622 differta:
1041 3567 1173 3636 Leptines
1185 3570 1215 3634 ψ.
1225 3571 1278 3624 731.

283 3636 312 3685 ἐν
331 3641 437 3689 mutans
455 3635 484 3687 in
501 3634 546 3703 ἕν,
574 3633 646 3703 quod
658 3636 772 3702 putabat
790 3650 848 3690 esse
867 3637 979 3706 ἕτερον;
1002 3635 1238 3704 Attalus,‘iorsan
1259 3637 1279 3688 is

282 3703 328 3770 qui
351 3704 378 3756 iu
400 3705 503 3757 Aratea
527 3711 722 3758 commentatus
744 3710 799 3771 est,
827 3703 870 3758 cui
894 3723 916 3757 ο.
935 3709 993 3758 444.
1017 3705 1123 3757 ἰοδόκον
1154 3704 1278 3759 debemus

281 3769 481 3842 παροξυτόνως,
497 3772 558 3828 aliis
576 3771 824 3842 προπαροξυτόνως
841 3772 1030 3828 scribentibus:
1054 3772 1093 3827 ita
1108 3771 1279 3843 Euphranori
