3034 4434
653 511 832 564 ...13-

234 661 286 720 sed
306 666 455 719 extremos
476 664 591 718 tentum
604 657 675 717 fines
690 659 752 716 eius
768 665 797 716 et
810 675 948 717 summam
961 676 1127 732 proponam.
1152 661 1246 732 Igitur

232 755 318 811 quum
338 738 479 808 vulgatae
500 736 662 807 scripturae
683 735 876 795 conditionem
897 743 927 793 et
957 738 1018 794 eius
1044 735 1245 797 reformandae

233 815 440 874 necessitatem
461 813 598 886 attigero,
618 812 726 885 primas
746 813 838 871 lineas
859 812 935 871 dabo
949 812 1168 886 disquisitionis,
1188 831 1245 886 qua

234 909 285 966 per
304 911 352 946 oea
373 901 475 946 aetates
495 890 623 962 disparis
643 889 787 947 intervalli
810 894 840 947 et
859 889 969 962 ingenii
989 890 1110 949 interior
1122 892 1245 951 historia

235 969 335 1028 critica
355 967 460 1027 horum
482 966 646 1025 Garminum
667 966 704 1024 ad
725 971 854 1024 nostrum
874 983 965 1038 usque
986 975 1098 1040 tempus
1120 967 1243 1027 deduca-

235 1052 288 1104 tur.
339 1045 468 1100 Primam
494 1053 605 1098 odotem
634 1043 766 1115 ponimus
794 1043 830 1101 ab
862 1045 964 1114 emptae
989 1047 1124 1114 ipeotwn,
1157 1046 1185 1103 h.
1217 1063 1242 1105 e.

235 1130 365 1196 tempore
387 1121 518 1178 cultioris
539 1119 635 1192 po'esis
655 1120 755 1178 Ionum
777 1120 906 1188 (circiter
925 1127 993 1178 ante
1008 1120 1074 1178 Chr.
1096 1128 1183 1193 aba),
1204 1122 1242 1181 ad

235 1202 422 1269 Pisistratum,
443 1203 597 1269 tyrannum
610 1195 826 1268 Atheniensem,
847 1197 893 1254 cui
913 1213 932 1254 a
953 1197 1097 1256 veteribus
1120 1198 1240 1258 duorum

234 1292 397 1348 corporum,
419 1290 493 1346 qnae
514 1289 589 1330 nunc
608 1273 729 1345 obtinet,
750 1274 903 1347 dispositio
923 1274 1075 1345 tribuitur;
1095 1276 1131 1335 ll.
1153 1293 1171 1334 a
1191 1276 1242 1332 Pt-

234 1356 343 1407 aiotrato
365 1351 405 1409 ad
426 1353 607 1420 Zmodotom
634 1351 683 1423 qui
709 1352 818 1424 primus
848 1368 884 1408 ex
904 1351 1104 1409 Grammaticis
1125 1354 1243 1412 criticae

235 1429 410 1488 Homericae
442 1427 631 1485 celebriorem
657 1428 732 1485 viam
765 1429 894 1501 aperuit;
919 1428 970 1484 ΙΙΙ.
997 1444 1015 1485 a
1042 1432 1179 1484 Zenodoro
1205 1430 1243 1488 ad

236 1509 383 1577 Apionom,
416 1509 539 1576 propter
566 1509 658 1561 artem
690 1504 902 1577 interpretandi
928 1509 1046 1576 poetae,
1080 1512 1112 1563 ut
1132 1506 1243 1567 Seneca

235 1583 345 1654 scribit,
366 1587 432 1641 tota
454 1581 580 1640 Graecia
599 1580 813 1653 circumlatum3
833 1582 881 1639 IV.
903 1581 939 1639 ab
960 1582 1014 1640 hoc
1033 1582 1100 1640 inde
1121 1583 1158 1640 ad
1173 1587 1243 1639 tom

233 1662 326 1730 pinam
347 1675 383 1716 ac
403 1658 577 1731 discipulum
598 1657 668 1729 eius,
689 1659 881 1730 Porphyrium,
902 1674 921 1715 a
941 1674 999 1728 quo
1019 1664 1142 1729 utroque
1156 1659 1242 1720 lectio

234 1742 265 1795 et
284 1735 491 1809 interpretatio
504 1734 624 1793 Homeri
644 1735 768 1806 quodam
788 1735 872 1794 modo
893 1734 993 1793 adiuta
1013 1740 1070 1806 est,
1091 1735 1125 1791 V.
1139 1752 1158 1793 a
1172 1739 1242 1791 Por·
1256 1756 1280 1794 aa

231 1815 330 1884 phyrio
346 1828 438 1884 usque
452 1811 490 1870 ad
504 1816 652 1870 auctorem
667 1813 802 1871 editionis
817 1812 965 1885 principis,
979 1813 1145 1866 Demetrium
1162 1815 1242 1869 Chol-

236 1893 371 1960 oondptm,
393 1888 615 1959 Atheniensem3
635 1889 684 1947 VI.
706 1890 808 1948 horum
829 1889 915 1947 trium
936 1889 1129 1961 proximorum
1143 1906 1242 1949 saecu·

235 1967 337 2038 lortun,
359 1966 462 2038 quibus
483 1965 627 2023 Homerus
647 1967 735 2025 variis
755 1967 849 2026 modis
868 1967 986 2038 ingenia
1005 1967 1130 2025 virorum
1145 1967 1242 2027 docto·

233 2060 298 2100 rum
318 2048 349 2100 et
361 2041 490 2103 officinas
505 2044 751 2116 typographorum
774 2044 903 2102 exercuit
915 2041 949 2114 ²).
971 2044 1053 2102 Haec
1072 2044 1152 2117 prior
1171 2062 1241 2117 pars
1254 2063 1280 2102 aa

234 2120 293 2177 erit
304 2119 390 2176 huius
403 2116 612 2190 Praefationis3
633 2121 779 2193 posterior
798 2122 828 2177 in
843 2121 947 2192 causis,
969 2121 1071 2193 quibus
1084 2121 1241 2182 Homerica

235 2197 401 2256 emendatio
425 2196 550 2267 nitatur,
578 2197 812 2269 gravissimisque
839 2203 869 2256 et
893 2199 1019 2270 propriis
1046 2200 1107 2256 eius
1128 2198 1242 2272 legibus

234 2279 324 2345 atque
345 2273 508 2331 iuratione
529 2274 640 2331 consilii
659 2275 752 2333 nostri
773 2274 923 2333 reddenda
942 2274 1114 2333 versabitur.

288 2397 311 2476 ²)
329 2396 405 2451 Haec
423 2414 479 2452 una
496 2404 632 2466 postrema
650 2403 733 2466 aetas,
753 2414 833 2466 quam
851 2399 879 2452 in
897 2400 995 2453 ceteris
1013 2399 1188 2466 scriptoribus
1206 2400 1243 2453 hi·

238 2470 324 2519 storia
342 2464 477 2520 litteraria
493 2481 555 2520 raro
573 2465 725 2534 egreditur,
749 2471 854 2520 tantum
877 2473 1036 2534 proventum
1058 2466 1142 2520 habet
1159 2467 1244 2521 omnis

236 2533 345 2600 generis
363 2533 501 2603 librorum,
520 2540 550 2587 ut
568 2535 661 2588 titulos
679 2550 772 2588 eorum
790 2550 951 2602 percensere
969 2551 1094 2602 magnum
1106 2535 1244 2602 negotium

237 2602 279 2654 sit.
316 2601 428 2655 Curavit
447 2602 475 2657 id
492 2618 580 2670 nuper
597 2618 682 2657 novus
699 2602 797 2657 Editor
809 2602 993 2657 Bibliothecae
1005 2602 1181 2657 Fabricianae
1199 2618 1242 2656 co-

240 2669 314 2736 piose
332 2675 362 2723 et
380 2677 520 2738 accurate;
538 2687 625 2752 neque
643 2671 688 2724 ille
706 2678 797 2725 tamen
809 2672 837 2725 in
849 2670 998 2725 iudicandis
1009 2671 1193 2725 instrumentis
1204 2671 1243 2724 rei

235 2737 348 2793 criticae
367 2745 396 2792 et
412 2738 501 2792 iudice
520 2740 667 2794 editmnum
685 2739 744 2794 aliis
767 2741 835 2794 nihil
857 2740 1015 2794 mutandum
1039 2746 1067 2794 et
1091 2739 1245 2808 augendum

238 2805 355 2875 rquuit.
392 2806 479 2862 Nobis
496 2824 560 2862 vero
578 2809 676 2863 iterum
694 2809 1031 2876 monendisuntlectores,
1049 2808 1246 2877 nequidaliud
1278 2839 1280 2843 ·
1342 2839 1345 2843 >

239 2880 399 2943 exspectent
416 2891 499 2943 quam
511 2875 643 2931 uberioris
655 2876 808 2944 scriptionis
821 2877 1059 2946 adumbrationem,
1078 2885 1106 2931 et
1119 2893 1177 2932 eam
1190 2893 1245 2932 ma·

237 2942 324 3010 gisia
342 2942 472 2998 interiore
490 2961 541 2999 usu
559 2945 668 3000 criticae
687 2945 770 3000 silvae
789 2962 870 3014 quam
882 2946 910 2999 in
921 2946 1004 3000 rebus
1016 2947 1155 3001 litterariis
1167 2963 1245 3002 occu·

240 3016 339 3130 Butam.
376 3010 550 3080 Quapropter
568 3014 693 3081 antiquos
710 3013 878 3081 potissimum
890 3015 980 3068 fontes
992 3015 1173 3084 anquiremus,
1192 3031 1245 3069 non

258 3094 287 3132 os
305 3078 423 3133 novitios
441 3079 573 3135 editorum
591 3081 735 3135 librorum:
754 3082 851 3150 quibus
870 3098 939 3151 quae
958 3082 1047 3138 factae
1066 3090 1128 3137 sunt
1145 3083 1245 3136 vicissi-

238 3145 344 3201 tudines
363 3153 468 3216 textus,
487 3149 510 3202 si
528 3166 588 3204 eum
606 3148 659 3203 illis
677 3156 885 3220 comparentur,
903 3151 949 3205 vix
967 3150 1064 3221 dignae
1082 3158 1144 3206 sunt
1168 3167 1246 3207 occu·

236 3215 291 3280 pati
309 3215 428 3270 hominis
445 3215 625 3286 indagatione.
661 3217 774 3273 Omnino
792 3219 822 3272 in
834 3219 886 3274 hac
897 3224 976 3287 parte
989 3221 1159 3288 antiquarum
1171 3220 1245 3273 litte-

238 3297 326 3337 rarum
344 3284 464 3352 plurima
481 3291 556 3353 sunt,
582 3300 652 3366 quae
670 3301 704 3340 ne
722 3292 749 3340 tc
767 3287 870 3341 lateant
910 3286 1003 3344 sedulo
1021 3304 1116 3343 curare
1135 3288 1246 3356 debeas3

239 3350 283 3405 sed
301 3351 349 3420 ita,
369 3357 400 3405 ut
418 3353 509 3406 statim
521 3360 630 3422 cognita
642 3354 684 3408 vel
697 3354 799 3410 chartis
811 3328 940 3412 mandata
952 3357 1068 3411 libenter
1080 3357 1246 3419 obliviscare,

239 3419 332 3474 saltem
352 3418 505 3475 dissimules
522 3436 563 3488 ea,
582 3437 651 3490 qnae
670 3421 771 3477 frustra
789 3424 937 3493 collegeris.
974 3425 1002 3479 Si
1020 3425 1085 3494 quid
1103 3431 1193 3480 autem
1211 3425 1246 3479 ab

237 3485 296 3541 aliis
314 3487 490 3542 iamdudum
508 3489 650 3544 collectum
668 3497 801 3561 repetam,
821 3493 954 3548 communi
971 3495 1085 3548 materia
1103 3500 1165 3548 utar
1177 3509 1246 3547 novo

238 3555 323 3610 modo.
344 3554 405 3622 Qua
422 3555 450 3610 in
468 3572 498 3611 re
515 3573 558 3612 me
576 3557 724 3613 admodum
738 3560 881 3615 solhcitum
900 3561 1002 3616 habent
1014 3562 1155 3630 angustiae
1166 3561 1248 3615 huius

242 3619 330 3704 libelli,
349 3621 421 3677 unde
439 3623 559 3680 brevitas
577 3626 690 3681 exsistet
706 3643 803 3696 parum
822 3646 838 3684 a
858 3635 887 3683 ta
905 3629 1005 3684 talibus
1017 3630 1106 3698 rebus,
1125 3634 1152 3682 et
1164 3628 1245 3682 inter·

240 3687 301 3768 dum
317 3690 507 3771 immodestiae
527 3693 643 3762 speciem
660 3695 796 3751 habitura
832 3646 887 3762 §ed
903 3697 1052 3767 parendum
1070 3705 1129 3751 erat
1153 3709 1245 3750 neces·

238 3759 317 3828 atati,
337 3765 421 3813 ettam
439 3775 500 3815 cum
518 3761 684 3818 incommodo
705 3764 830 3832 quodam.
