3034 4434
688 547 865 601 -m-
945 513 947 516 ⁴

276 698 446 760 facilitatem
464 699 683 774 perduceretur.
722 695 840 754 Etenim
859 702 997 768 qnantum
1018 703 1048 756 et
1068 713 1154 769 quam
1176 697 1228 756 din
1247 700 1277 756 in

275 777 331 837 hoc
350 792 458 850 genere
477 777 640 836 laboratum
660 773 698 830 sit
717 772 786 831 olim
799 773 1053 833 instrumentorum
1066 775 1199 847 penuria,
1221 776 1277 833 sin·

276 853 397 927 galatim
416 853 552 927 persequi
571 852 666 924 ipsum
684 849 768 909 labor
789 855 842 909 est.
875 851 950 909 Eum
966 857 1063 910 tamen
1076 850 1207 909 laborem
1220 868 1276 911 non

276 931 390 990 omnino
410 928 557 1002 defugiam
577 943 676 988 eorum
696 926 801 998 gratia,
821 927 870 998 qui
889 928 974 986 nimis
994 927 1104 986 assueti
1117 943 1278 999 pennarum

276 1022 392 1064 suarum
417 1007 640 1076 chartarumque
663 1003 777 1062 levitati
803 1002 989 1063 difficultates
1009 1004 1175 1064 huiusmodi
1195 1022 1214 1064 a
1233 1022 1279 1064 me

274 1083 530 1156 praetermodum
550 1081 652 1154 augeri
671 1085 784 1153 putent.
1101 1112 1106 1126 =

352 1159 530 1218 Percurrant
549 1175 619 1231 ergo
638 1173 750 1215 mecum
771 1172 816 1229 ea,
835 1158 866 1214 in
887 1157 991 1228 quibus
1012 1157 1165 1229 graphium
1186 1158 1277 1218 Grac·

274 1250 374 1295 corum
394 1236 431 1296 ab
452 1236 577 1308 antiquis
604 1234 794 1307 scriptoribus
813 1234 941 1292 traditur
965 1235 1126 1293 miserrime
1145 1235 1278 1295 haesisse

275 1312 316 1371 ad
334 1314 480 1372 saeculum
499 1311 562 1371 iere
581 1311 630 1370 VI.
651 1316 719 1368 ante
740 1309 816 1381 (ihr,
837 1326 894 1381 quo
913 1311 1036 1384 primum
1050 1311 1145 1369 biblus
1160 1329 1213 1371 seu
1226 1330 1277 1386 pa·

274 1405 363 1462 pyrus
372 1391 511 1450 maiorem
521 1388 753 1448 commoditatem
763 1385 913 1459 attuatii).
928 1387 986 1447 Sed
997 1385 1066 1446 folia
1077 1394 1107 1446 et
1115 1388 1222 1447 librum
1233 1407 1278 1448 ar-

236 1481 262 1521 co
275 1465 378 1525 borum
389 1466 515 1539 sibyllis,
528 1466 599 1525 item
609 1463 740 1524 fabuloso
751 1463 855 1522 Dareti
865 1471 895 1522 et
905 1464 1067 1523 amantibus
1075 1465 1276 1540 relinquimus,

274 1544 332 1600 etsi
342 1543 419 1602 illins
434 1544 522 1603 moris
532 1543 686 1614 vestigium
697 1540 842 1613 quoddam
852 1541 945 1599 videri
954 1541 1047 1613 possit
1057 1557 1121 1599 esse
1132 1543 1162 1599 in
1172 1538 1277 1620 ἐκφυλ-

275 1617 398 1697 λοφορίᾳ
418 1625 448 1678 et
467 1621 497 1677 in
509 1619 662 1692 petalismo
676 1618 857 1690 Syracusano
872 1618 1003 1690 [Diodor.
1017 1617 1068 1676 XI.
1083 1621 1143 1691 87].
1173 1620 1276 1692 Neque

273 1694 347 1755 adeo
372 1697 402 1754 in
422 1697 537 1755 testulis
556 1696 712 1768 aliquando
731 1695 818 1752 scribi
832 1695 948 1753 solitum
962 1695 1113 1767 quisquam
1127 1695 1228 1755 docuit
1241 1714 1277 1755 en

273 1789 322 1844 eo,
349 1773 426 1845 quod
452 1789 507 1845 per
530 1773 596 1831 illas
622 1771 765 1843 quaedam
792 1771 930 1844 suffragia
949 1770 1051 1830 fierent
1070 1770 1202 1831 Athenis.
1242 1775 1276 1832 In

200 1895 204 1903 ,
272 1848 418 1922 lapidibus
439 1854 545 1921 autem,
566 1851 597 1906 in
615 1848 702 1920 lignis
723 1852 753 1905 et
772 1848 885 1906 laminis
905 1849 1086 1907 metallorum
1105 1850 1200 1921 prima
1213 1857 1276 1908 ten·

272 1926 383 1984 tamine
401 1924 480 1983 iacta
500 1941 573 1998 csse,
592 1925 709 1982 minime
728 1924 847 1982 dubium
866 1931 924 1983 est:
945 1930 1025 1984 certe
1045 1926 1162 1997 optimis
1176 1932 1276 1985 aucto-
1301 1957 1305 1961 -

272 2000 353 2059 ribus
378 2000 571 2074 accredimus,
597 2002 679 2073 leges
707 2000 812 2072 ligneis
832 2000 939 2060 tabulis
960 2008 991 2060 et
1010 2001 1110 2060 axibus
1130 2018 1149 2060 a
1169 2002 1275 2063 Solone

273 2077 396 2148 aliisque
416 2077 531 2155 incisas.
570 2076 611 2136 At
622 2077 690 2136 huic
701 2076 843 2135 materiae
856 2079 929 2136 alias
942 2094 1028 2150 quam
1044 2078 1179 2151 publicas
1196 2080 1274 2139 litte-

273 2168 323 2210 ras
337 2153 519 2212 mandavisse
534 2153 671 2226 Graecos,
689 2170 775 2212 nemo
788 2159 899 2213 temere
912 2156 1022 2225 credat,
1041 2155 1098 2212 nisi
1112 2156 1158 2212 cui
1168 2157 1273 2216 Boeoti

272 2230 472 2302 persuaserint
487 2229 523 2288 de
539 2231 674 2304 plumbeo
692 2248 744 2290 suo
761 2231 918 2304 exemplari
932 2224 1040 2309 Ἔργων
1050 2231 1181 2305 Hesiodi,
1195 2233 1274 2305 quod

273 2305 354 2364 iuxta
373 2303 482 2365 iontem
501 2307 648 2368 Heliconis
668 2307 741 2367 vidit
753 2307 967 2381 Pausaniasii),
988 2308 1040 2366 sed
1050 2314 1196 2368 vetustate
1209 2311 1273 2384 plu·

232 2398 256 2438 er
271 2382 352 2440 rimis
376 2382 509 2455 partibus
534 2390 699 2458 corruptum
719 2384 836 2443 videtur
854 2387 954 2456 legere
973 2401 1031 2444 non
1050 2387 1188 2457 potuisse.
1229 2386 1271 2445 Ut

269 2474 338 2518 vero
357 2459 473 2534 publica
483 2467 668 2520 monumenta
680 2463 759 2533 liguo
774 2467 862 2533 atque
875 2463 1009 2534 metallis,
1029 2462 1073 2519 ita
1086 2467 1220 2535 utraque,
1240 2464 1271 2521 in

269 2535 369 2608 primis
381 2537 506 2611 priuata,
525 2539 622 2597 linteis
636 2539 777 2612 inscripta
790 2554 863 2609 esse,
878 2554 1017 2610 perquam
1032 2537 1171 2596 credibile
1184 2538 1269 2613 foret,

269 2613 402 2673 simodo
426 2615 540 2674 omnino
564 2615 619 2674 hoc
645 2631 735 2686 genus
755 2615 930 2674 voluminum
957 2615 1035 2688 apud
1057 2613 1185 2676 Graecos
1210 2618 1270 2675 ullo

215 2740 223 2750 ,
268 2694 401 2761 tempore
420 2690 559 2748 usitatum
572 2689 683 2749 luisset.
714 2691 799 2762 Quod
813 2706 899 2762 quum
913 2707 997 2750 secus
1011 2692 1058 2764 sit,
1078 2691 1167 2763 idque
1177 2708 1269 2764 genus

336 2865 371 2934 ⁹²)
389 2863 536 2932 Vulgarem
553 2864 752 2944 opinionemtde
758 2882 818 2987 §ap
852 2866 985 2921 oinvento
997 2867 1188 2937 Alexandriae,
1206 2885 1267 2937 pro-

267 2932 366 2986 iectam
382 2947 399 2986 a
416 2932 454 2985 M.
472 2931 593 2988 Varrone
611 2948 627 2986 a
648 2975 654 2985 .
672 2933 739 2987 le.
785 2934 834 3002 II,
855 2939 895 3002 11,
912 2939 963 3002 21,
980 2936 1073 3002 plures
1089 2938 1143 2991 iam
1162 2938 1267 3005 pridem

267 2999 393 3053 viderunt
410 2999 504 3055 falsam
521 3016 588 3054 esse.
643 3001 763 3056 nimvero
787 3003 893 3056 locutus
916 3003 1023 3057 videtur
1040 3007 1126 3059 Varro
1145 3005 1178 3059 de
1197 3021 1267 3061 com·

266 3067 386 3121 mediore
396 3069 511 3136 quadam
519 3069 623 3123 rohone
636 3068 775 3124 faciendae
784 3070 895 3125 chartae
907 3087 1086 3140 papyraceae,
1105 3074 1179 3141 quali
1190 3083 1267 3128 aetas

266 3151 317 3255 1ἶὲ
318 3135 467 3256 &agogum
502 3136 584 3191 Curius
597 3139 641 3259 (slei
654 3138 889 3260 tsimilgihqluiddantr
906 3139 1045 3259 nottabitur
1061 3142 1152 3208 paullo
1164 3149 1227 3209 post
1238 3143 1267 3195 in

264 3419 288 3459 a.
308 3405 369 3459 Chr.
386 3406 485 3483 saeculi
502 3357 655 3462 testimonia
666 3359 980 3478 videnfusliybomioomffr
991 3360 1141 3481 poetfflum,
1160 3361 1264 3467 Offiatini

264 3479 292 3525 et
309 3472 429 3527 Platonis
446 3489 489 3542 ap.
507 3475 643 3529 Pollucem
660 3474 721 3530 vll.
740 3484 809 3532 extr.
827 3485 855 3532 at
874 3494 908 3532 ue
925 3478 1057 3534 Herodoti
1074 3480 1121 3533 1.1.
1157 3481 1264 3535 Primus

264 3539 371 3595 illorum
386 3541 599 3612 βιβλιογράφον,
622 3544 692 3598 alter
727 3546 816 3614 άρτας
833 3545 869 3599 ha
888 3546 942 3613 uit,
965 3547 1103 3616 tertius,e
1132 3547 1157 3602 is
1174 3550 1262 3603 minus

263 3607 372 3689 quidem
395 3608 531 3687 ambigue,
559 3611 674 3677 βίβλους
696 3563 809 3681 ahisque
837 3613 904 3669 locis
920 3614 1032 3682 βιβλία,
1056 3620 1137 3684 atque
1164 3619 1193 3670 in
1216 3618 1262 3671 illo

263 3683 328 3732 satus
346 3675 486 3747 significat,
505 3685 655 3734 suasetate
672 3695 842 3735 nonnosum
859 3680 942 3737 fuisse
961 3699 1038 3737 usum
1056 3683 1162 3752 papyri.

330 3763 611 3833 ammom
