3034 4434
642 530 820 584 „39-

301 677 386 736 Adeo
407 693 475 737 sero
488 677 653 738 litteratura
667 678 846 737 Graecorum
860 678 994 737 absoluta
1008 685 1053 737 est
1068 686 1098 738 et
1110 679 1231 739 redacta
1244 691 1269 731 ⁶⁴

236 754 259 811 in
276 753 418 826 ordinem,
438 755 572 827 primum,
592 762 625 813 ut
644 755 742 813 multis
757 755 905 813 decausis
922 756 1051 827 coniicio,
1071 757 1101 814 iu
1115 757 1150 815 iis
1164 757 1231 815 civi-

234 830 346 901 tatibus,
366 847 444 903 quae
464 831 591 891 Siciliam
612 838 642 891 et
660 831 798 904 Magnam
820 831 972 891 Graeciam
992 833 1145 906 tenebant,
1170 840 1232 893 tum

234 906 320 967 inilla
332 908 459 981 posthac
471 908 633 968 litterarum
647 905 900 967 conficientissima
913 907 995 980 urbe,
1008 907 1139 969 Athenis.
1174 910 1233 970 Sed

233 984 389 1043 avendum
410 991 457 1043 est
475 1002 585 1058 rursus,
609 1001 646 1043 ne
666 991 725 1042 tam
746 1000 842 1042 serum
861 1002 945 1043 usum
967 985 1113 1044 scribendi
1132 986 1232 1046 creda·

232 1078 297 1129 nus,
318 1068 372 1121 aut
390 1062 422 1120 in
441 1063 520 1122 omni
533 1061 657 1122 Graecia
671 1061 773 1121 eodem
792 1067 923 1134 tempore
942 1062 1114 1122 institutum.
1147 1064 1231 1123 Iones

232 1137 343 1210 quidem
365 1154 454 1210 quum
483 1144 528 1198 tot
555 1139 621 1198 aliis
641 1137 728 1198 rebus
748 1137 886 1212 Europae
907 1146 1050 1210 cognatae
1071 1141 1233 1213 exemplum

231 1215 374 1275 nitidioris
386 1214 482 1274 cultus
503 1215 607 1275 darent
627 1221 657 1274 et
669 1214 787 1274 humani
801 1220 831 1273 et
844 1215 945 1288 civilis,
959 1222 1131 1289 matureque
1144 1218 1232 1276 variis

232 1290 339 1350 artibus
353 1298 385 1351 et
397 1293 575 1352 commerciis
589 1282 735 1364 florerent}
756 1292 928 1358 veltacente
940 1291 1065 1352 historia
1078 1294 1232 1352 verisimile

232 1374 320 1440 esset,
352 1384 402 1427 eos
428 1369 514 1428 huius
544 1385 658 1442 quoque
682 1369 853 1443 praeclarae
884 1369 927 1427 rei
947 1369 1103 1429 utilitatem
1123 1372 1231 1443 primos
1245 1382 1275 1428 6⁵.

232 1444 468 1504 animadvertisse
494 1453 525 1506 et
547 1445 587 1505 ad
618 1462 681 1505 eam
709 1444 835 1505 studium
857 1451 887 1504 et
906 1447 1055 1518 ingenium
1075 1448 1232 1506 contulisse

232 1539 320 1580 suum.
343 1521 459 1595 Quippe
471 1523 529 1580 illis
544 1522 755 1596 exspectandus
770 1539 827 1582 non
841 1521 897 1581 fuit
911 1522 1095 1581 Callistratus
1110 1522 1232 1597 Samius,

232 1605 260 1657 ut
273 1598 386 1671 ahquid
399 1599 508 1673 scripto
522 1601 693 1673 consignare
707 1604 869 1658 tentarent:
884 1600 940 1657 iam
953 1605 1020 1657 ante
1033 1599 1108 1658 hunc
1120 1616 1233 1674 papyro

232 1676 272 1734 usi
286 1681 369 1748 sunt;
382 1676 469 1735 immo
482 1682 550 1735 ante
565 1675 742 1736 Simonidem
758 1683 788 1734 et
801 1672 1006 1749 Epicharmum
1020 1673 1137 1734 fuerunt
1149 1677 1232 1749 lyrici

232 1759 343 1826 poetae,
365 1757 395 1810 et
407 1753 497 1812 Ionici
518 1759 546 1812 et
560 1754 682 1825 Aeolici,
703 1754 753 1825 qui
773 1753 822 1812 illo
843 1752 1021 1811 adminiculo
1035 1749 1232 1811 faciendorum

234 1828 396 1889 Garminum
415 1845 516 1889 carere
536 1831 584 1890 vix
602 1836 731 1904 possent.
764 1830 897 1902 Denique
917 1830 946 1887 in
967 1845 1003 1888 ea
1016 1829 1142 1897 civitate¹
1157 1845 1232 1901 quae
1284 1894 1287 1901 ,

233 1907 378 1979 antiquum
404 1906 591 1979 alphabetum
618 1907 780 1966 diutissime
800 1907 934 1979 retinuit,
964 1905 1075 1979 Olymp.
1095 1905 1231 1964 XXXIX.

232 1985 321 2043 minor
339 1999 477 2042 numerus
496 1984 659 2043 litterarum
672 1983 786 2042 suffecit
798 1983 941 2044 Draconis
954 1983 1068 2056 legibus
1082 1982 1232 2057 ponendis.

234 2060 338 2132 Quidni
367 2059 445 2118 idem
469 2077 605 2120 numerus
630 2060 779 2120 suffecerit
803 2061 934 2118 maximis
965 2061 1172 2134 voluminibus,
1208 2061 1233 2118 si

232 2137 313 2196 modo
327 2154 365 2196 ea
377 2143 438 2197 tum
452 2138 562 2196 usitata
575 2136 701 2210 fuorunt,
722 2138 783 2196 sive
798 2153 833 2195 ex
846 2137 982 2210 pellibus,
995 2138 1056 2196 sive
1071 2154 1107 2196 ex
1121 2154 1233 2211 papyro

232 2214 398 2287 Aegyptia?
417 2213 534 2273 Etiam
553 2215 665 2287 aliquot
685 2215 768 2272 annis
789 2220 857 2273 anto
870 2215 1012 2274 Draconis
1033 2215 1234 2287 magistratum

233 2289 370 2351 beneficio
389 2289 594 2352 Psammetichi
613 2290 766 2364 Aegyptus
796 2289 944 2364 patefacta
970 2297 1034 2350 erat
1053 2291 1233 2351 commerciis

233 2367 339 2442 Ionum,
359 2373 394 2426 ut
412 2365 580 2428 facultatem
600 2369 704 2442 papyri
724 2367 833 2427 habere
853 2368 1008 2441 potuerint.
1050 2367 1104 2426 (lui
1123 2368 1234 2426 coniec-

233 2451 314 2505 turae
333 2460 372 2503 ne
391 2444 529 2505 historica
548 2443 620 2504 fides
641 2444 771 2513 deesset,
802 2460 887 2516 quam
916 2445 1017 2516 paucis
1045 2443 1140 2502 verbis
1161 2459 1234 2515 opus

232 2518 334 2581 fuisset
347 2520 509 2596 Herodoto,
530 2523 586 2581 nisi
602 2521 721 2582 Graecis
742 2520 907 2594 scripsisset
926 2520 1009 2578 solis!
1029 2519 1113 2576 Nunc
1132 2519 1163 2575 in
1176 2519 1234 2591 pri·

233 2600 283 2658 mis
306 2599 433 2657 molesta
457 2606 502 2658 est
527 2599 689 2660 obscuritas
716 2598 838 2657 duorum
863 2597 1058 2667 saecidorum,
1089 2596 1184 2667 octavi
1205 2600 1234 2653 ot

233 2675 347 2749 septimi
366 2680 436 2734 ante
450 2675 527 2745 (ihr,
546 2676 576 2735 in
596 2675 700 2748 quibus
719 2676 772 2733 illa
791 2691 862 2748 gens
882 2673 1023 2746 igniculos
1043 2672 1234 2744 politissimae

232 2750 418 2812 humanitatis
439 2740 546 2811 dudum
566 2757 716 2825 susceptos
737 2753 856 2825 egregie
876 2750 1007 2824 protulit,
1029 2756 1058 2808 et
1071 2748 1108 2808 ad
1123 2765 1235 2808 omnem

234 2829 433 2889 excellentiam
453 2830 558 2889 artium
577 2829 765 2888 admirabiles
784 2845 956 2901 progressus
976 2824 1054 2885 fecit.
1092 2827 1177 2898 Nam,
1197 2842 1235 2884 ne

233 2905 267 2964 de
291 2907 357 2965 aliis
382 2906 512 2978 plurimis
540 2907 681 2966 institutis
710 2905 821 2975 dicam,
848 2922 968 2977 quorum
989 2905 1100 2963 semina
1120 2904 1234 2962 inistis

232 2983 359 3042 tenebris
380 2982 458 3041 iacta
478 2989 552 3056 sunt,
572 2984 602 3041 in
621 2983 672 3041 illa
685 2983 809 3041 maxime
823 2983 948 3052 saecula,
969 2981 1231 3041 aLacedaemonio
1297 3037 1299 3042 .

233 3057 366 3133 Lycurgo
385 3059 525 3132 proxima,
545 3060 616 3120 artis
636 3060 808 3132 scriptoriae
828 3059 950 3132 primum
963 3059 1166 3117 notabiliorem
1180 3075 1232 3130 pu-

232 3135 334 3195 blicum
355 3152 441 3194 usum
460 3143 490 3195 et
508 3137 586 3196 ultra
594 3137 797 3209 inscriptiones
810 3150 995 3208 progressum
1007 3135 1154 3201 incidisse,
1173 3142 1234 3193 tum

233 3213 391 3273 coniectari
409 3228 467 3271 non
484 3214 609 3285 temere,
639 3218 700 3271 tum
721 3228 757 3270 ex
776 3212 920 3271 nonnullis
940 3212 1072 3284 vestigiis
1092 3211 1233 3270 historiae

233 3291 271 3349 ita
290 3289 418 3362 intelligi
437 3290 516 3362 licet,
535 3296 568 3349 ut
587 3290 748 3364 perspicuis
768 3290 941 3350 testimoniis
961 3290 1055 3348 minus
1076 3304 1164 3361 aegre
1184 3304 1231 3346 oe·
1248 3310 1273 3350 oe

234 3381 355 3427 roamus.

235 3544 441 3616 ήγραμματαὴ
459 3543 563 3616 ἀρχαία
580 3558 629 3596 seu
646 3543 745 3596 Ἀττικὰ
780 3545 921 3614 pappare.
956 3540 1017 3596 Etsi
1035 3542 1068 3597 de
1085 3541 1128 3594 his
1146 3540 1232 3594 diver-

236 3627 276 3667 sae
295 3622 359 3669 sunt
378 3613 529 3667 sententiae
548 3611 703 3667 doctorum:
721 3627 745 3664 v.
791 3619 829 3680 tp.
848 3610 883 3666 ad
896 3612 1058 3679 Harpocrat.
1076 3626 1101 3662 v.
1112 3608 1235 3665 Ἀττικοῖς

236 3684 377 3752 γράμμασι
394 3687 445 3734 etc.
