3034 4434
732 521 911 578 -7q..

327 672 518 733 Alexandrini
536 672 594 743 isti,
615 673 715 745 inquit,
737 669 823 729 delixi
843 671 872 728 in
891 671 1037 730 vocabulis
1059 678 1088 730 et
1102 672 1234 746 syllabis,
1254 675 1330 734 ride

328 751 397 809 licet
410 751 472 807 nati
485 754 552 807 ante
561 750 706 807 inventam
719 748 939 822 philosophiam,
960 764 1045 820 quam
1060 748 1193 816 dicimus,
1214 753 1327 813 artium.

330 827 372 885 At
391 843 428 884 ne
448 831 529 883 vates
550 826 665 897 quidem
686 827 749 900 ipse
769 824 825 882 fuit
844 825 1039 898 philosophus,
1059 841 1145 896 quem
1158 833 1273 886 tantam
1287 847 1329 888 ar·

278 911 315 981 13?
330 910 391 962 tem
416 918 543 960 summae
568 903 690 961 actionis
715 919 768 976 per
793 902 930 974 ambages
957 902 1151 975 episodiorum
1170 904 1329 965 volvendac

296 986 298 997 '
330 980 519 1039 abscondisse
539 985 667 1037 narrant.
706 981 781 1038 Nam
801 979 999 1037 absconditam
1018 980 1096 1037 illam
1117 997 1183 1038 esse
1204 988 1329 1055 oportet,

330 1057 563 1130 quandoquidem
580 1062 698 1129 praeter
717 1057 904 1115 Aristotelem
925 1062 955 1114 et
974 1063 1041 1114 ante
1062 1073 1126 1114 eum
1146 1061 1328 1130 paucissimis

326 1140 454 1193 veterum
475 1133 652 1204 suboluit91).

406 1211 509 1270 Gravis
530 1211 577 1268 hic
596 1213 626 1268 in
646 1211 746 1282 primis
760 1209 861 1267 haberi
875 1210 963 1268 debet
976 1211 1132 1269 auctoritas
1148 1210 1327 1284 Cyclicorum

329 1293 481 1360 poetarum
502 1289 692 1360 aliorumque,
717 1288 767 1359 qui
786 1286 913 1345 Homero
932 1293 1031 1345 aetate
1050 1288 1174 1359 proximi
1201 1287 1325 1349 fuerunt.

277 1369 315 1409 12⁶
331 1364 431 1424 Pauca
451 1371 526 1438 sunt,
547 1381 622 1437 quae
643 1365 679 1423 de
699 1365 755 1422 illis
770 1362 953 1436 constent92),
975 1365 1031 1422 etsi
1051 1380 1100 1423 eos
1114 1381 1250 1438 magnam
1262 1385 1328 1440 par·

328 1448 386 1500 tem
415 1442 509 1500 adhuc
528 1443 647 1501 Nonnus
667 1458 731 1500 cum
751 1441 817 1498 aliis
837 1441 1018 1512 antiquitatis
1037 1441 1175 1500 studiosis
1196 1445 1329 1514 gnaviter

328 1520 475 1578 tractavit.
509 1520 542 1577 In
562 1520 620 1576 illis
640 1519 750 1592 paucis,
772 1533 846 1589 quae
866 1519 980 1590 scimus,
999 1518 1055 1576 hoc
1074 1525 1120 1577 est
1132 1521 1257 1580 maxime
1270 1538 1327 1580 me·

222 1616 228 1629 ·
330 1596 480 1666 morabile‚
500 1597 576 1668 quod
591 1596 698 1669 Cyclici
710 1611 808 1654 omnes
822 1595 894 1653 haec
906 1595 1062 1654 Homerica
1075 1593 1199 1655 artificia
1212 1599 1259 1656 vel
1272 1615 1327 1658 non

328 1674 601 1743 animadverterunt,
621 1674 667 1731 vel
687 1672 723 1731 ab
744 1671 913 1744 aequalibus
934 1672 1135 1731 animadversa
1153 1674 1265 1733 imitari
1278 1683 1327 1734 ant

328 1751 482 1810 uoluerunt
495 1757 546 1809 aut
559 1764 615 1810 non
625 1756 790 1824 potuerunt.
815 1749 931 1807 Etenim
947 1751 1027 1822 legat
1040 1751 1122 1809 nobis
1142 1751 1247 1822 aliquis
1269 1754 1327 1826 epi-

323 1834 416 1887 tomas
436 1829 500 1886 illas
522 1826 691 1901 Cypriorum
713 1827 883 1885 stallorum
904 1828 1028 1899 quinque
1049 1826 1216 1886 carminum
1235 1846 1328 1902 nuper

328 1905 421 1963 editas
427 1903 474 1976 93),
498 1911 527 1962 et
547 1905 721 1977 experiatur,
743 1921 780 1962 an
790 1905 820 1962 in
833 1905 892 1964 ullo
907 1921 1005 1964 eorum
1018 1905 1186 1977 primarium
1199 1905 1325 1978 heroem,

326 1987 377 2039 out
396 1981 562 2054 primariam
582 1982 732 2054 actionem,
754 1986 806 2039 aut
825 1983 980 2055 repetitam
994 1997 1030 2040 ex
1042 1980 1144 2039 mediis
1158 1981 1247 2041 rebus
1261 2000 1326 2041 nar·

394 2209 430 2268 ⁹1)
448 2207 553 2262 Novum
571 2208 623 2261 hoc
640 2223 733 2261 ausum
752 2216 801 2278 est,
820 2210 863 2263 cui
880 2207 980 2262 tuendo
998 2224 1052 2262 una
1063 2208 1174 2276 plagula
1186 2227 1241 2265 non
1253 2210 1325 2265 suffi-

328 2279 390 2332 ciat.
420 2276 545 2345 Plerique
563 2276 613 2330 sibi
631 2276 659 2329 id
676 2276 838 2347 videbuntur
856 2293 890 2330 ex
901 2277 1015 2332 Horatio
1029 2277 1093 2330 satis
1105 2277 1226 2332 refutare
1238 2295 1324 2348 posse.

328 2345 407 2412 Quod
425 2344 646 2414 quemadmodum
664 2346 717 2399 sint
735 2345 842 2410 facturi,
859 2345 911 2413 ipsi
919 2345 1042 2399 viderint.
1060 2345 1117 2401 Nos
1128 2362 1200 2401 nunc
1213 2348 1246 2402 de
1258 2367 1323 2400 com-

329 2419 402 2467 maai
425 2417 543 2481 opinione
567 2417 729 2480 antiquitatis
747 2415 914 2482 quaerimus,
942 2429 1011 2482 quae
1029 2414 1215 2482 cognoscenda
1233 2423 1325 2470 estex

328 2485 445 2553 antiquis
463 2483 552 2552 Intpp.
571 2483 677 2552 Iliados,
697 2498 730 2536 ex
748 2483 886 2536 rhetorum
904 2488 932 2535 et
943 2482 1069 2536 similium
1081 2484 1243 2549 scriptorum
1252 2485 1324 2539 locis.

327 2553 403 2608 Haec
421 2553 510 2609 omnia
527 2552 665 2607 conferant
683 2552 721 2605 illi
738 2566 849 2605 necesse
867 2557 916 2619 est,
935 2557 1079 2618 antequam
1097 2551 1200 2619 aliquid
1218 2553 1325 2620 granius

326 2623 353 2675 in
371 2640 456 2677 meam
475 2622 613 2676 audaciam
632 2626 759 2675 statuant.
790 2619 902 2673 Omnino
914 2635 979 2674 vcro
997 2619 1166 2672 utilissimum
1179 2629 1260 2688 esset,
1278 2638 1324 2675 un·

327 2689 467 2758 decunque
485 2690 598 2744 collecta
615 2706 696 2743 unum
714 2690 742 2741 in
759 2689 847 2743 locum
864 2688 974 2749 habere,
1011 2702 1062 2740 uae
1080 2688 1192 2741 inlibris
1203 2697 1324 2744 veterum

327 2759 370 2811 vel
387 2764 534 2825 praecepta
552 2758 584 2812 de
602 2764 660 2812 arte
677 2758 792 2826 poetica,
811 2758 854 2810 vel
872 2756 971 2811 iudicia
989 2705 1022 2810 ge
1040 2757 1129 2824 poetis
1142 2756 1197 2810 suis
1210 2758 1324 2825 sparsim

328 2826 461 2893 leguntur.
491 2826 625 2880 Docerent
637 2843 677 2895 ea,
696 2827 724 2881 ni
739 2825 825 2893 fallor,
844 2841 904 2879 cum
917 2825 1032 2894 optimis
1051 2840 1120 2892 quae
1133 2832 1250 2895 exstant,
1262 2827 1324 2881 Car

329 2894 443 2947 minibus
462 2901 624 2963 comparata,
649 2915 727 2962 qaam
742 2913 799 2946 aero
818 2894 913 2946 Gracci
930 2897 959 2946 in
974 2895 1048 2960 po'eai
1064 2895 1204 2946 didicerint
1222 2904 1323 2947 totum

322 2980 460 3028 ponere,
480 2979 512 3017 ac
530 2979 563 3017 ne
575 2964 716 3018 Horatium
736 2961 852 3033 quidem,
870 2963 916 3031 qui
928 2963 995 3016 illud
1013 2962 1153 3030 praecipit,
1172 2962 1231 3015 eius
1248 2978 1323 3030 prae

326 3029 399 3097 cepti
428 3032 535 3085 eosdem
561 3032 628 3085 fines
655 3048 687 3086 ac
718 3037 824 3086 nostros
855 3031 1029 3100 philosophos
1052 3030 1231 3084 constituisse.
1274 3031 1323 3100 [Ol

324 3097 468 3152 Boeokh.
494 3100 526 3153 de
551 3101 630 3169 Trag.
650 3101 696 3154 Gr.
714 3117 740 3168 p.
758 3100 893 3168 aotsqqq
929 3099 1018 3154 Erunt
1043 3099 1111 3152 haec
1134 3099 1281 3167 praecipue
1299 3100 1323 3153 ei

326 3165 506 3236 disquirenda,
524 3170 570 3235 qui
588 3170 709 3223 dramata
719 3169 882 3224 Graecorum
901 3169 936 3223 ad
954 3169 1081 3236 antiquae
1099 3167 1165 3220 artis
1182 3166 1258 3235 leges
1270 3167 1324 3221 exi·

325 3250 389 3301 gere
412 3235 492 3290 volet.
528 3237 629 3303 Quodsi
651 3238 679 3291 in
701 3237 744 3291 his
767 3234 875 3302 saepius
892 3237 925 3290 ab
943 3236 1072 3290 historica
1090 3235 1195 3290 ratione
1213 3234 1324 3290 deflexit

324 3304 497 3367 Aristoteles,
521 3310 595 3360 tanto
618 3306 703 3374 magis
727 3304 886 3360 admiranda
911 3311 952 3359 est
969 3305 1021 3358 riri
1037 3302 1248 3373 perspicacitas,
1272 3319 1326 3373 quc

323 3373 458 3426 saeculum
477 3389 552 3427 suum
571 3375 764 3440 praecucurrit.

394 3456 429 3520 92)
448 3457 567 3512 Collecta
583 3457 658 3526 haec,
682 3460 733 3527 vel,
755 3459 802 3513 ubi
819 3460 870 3514 viri
888 3460 959 3514 docti
977 3457 1148 3526 collegerint,
1175 3456 1323 3512 indicatum

324 3526 352 3577 in
371 3524 476 3578 Fabric.
495 3526 525 3579 B.
545 3527 576 3579 G.
595 3527 625 3579 Τ.
644 3528 673 3594 I.,
697 3529 773 3582 cuius
790 3543 878 3596 praec.
896 3528 949 3582 vid.
967 3543 994 3595 p.
1012 3529 1070 3581 379.
1078 3540 1135 3593 sqq.
1154 3541 1215 3580 nov.
1234 3528 1277 3581 ed.
1297 3533 1323 3580 et

322 3593 419 3662 Heynii
438 3594 648 3662 copiosissimum
665 3595 731 3651 Exo.
750 3598 772 3650 1.
790 3597 825 3650 ad
842 3596 915 3665 Virg.
934 3598 1001 3650 Aen.
1019 3595 1055 3649 ΙΙ.

323 3747 346 3802 G
381 3680 424 3800 ξιξ)
442 3679 474 3733 In
491 3680 598 3734 ineditis
616 3681 692 3735 Fasc.
712 3682 733 3735 Ι.
752 3681 821 3735 Bibl.
839 3683 921 3750 antiq.
940 3682 991 3734 litt.
1009 3689 1037 3735 et
1055 3680 1153 3734 artium
1161 3680 1322 3734 novissimae

348 3764 379 3802 oe
405 3764 457 3817 mg.
