3034 4434
699 530 876 616 -s47

285 694 303 736 a
323 677 439 750 scriptis
460 677 670 751 exemplaribus
690 677 845 749 destituta,
865 694 921 737 non
943 677 1062 735 vacillat
1081 676 1240 751 interdum,
1261 686 1291 738 et

283 756 434 829 paullatim
453 755 566 828 longius
586 771 605 813 1
624 753 680 813 fide
702 754 846 813 desciscit.
887 755 921 812 In
940 755 1042 827 primis
1063 770 1133 813 vero
1154 756 1290 816 recitatio

283 834 363 907 ipsa,
388 831 483 891 vivido
509 834 619 905 impetu
645 836 675 890 et
699 831 804 891 ardore
829 831 918 891 animi
946 837 1075 906 peracta,
1100 829 1290 893 infirmaverit

284 914 399 984 oportet
418 911 593 982 memoriam,
622 909 778 981 multisque
797 909 1005 968 mutationibus
1026 925 1144 967 causam
1164 909 1294 983 dederit,

283 987 313 1045 in
334 1003 368 1046 eo
388 987 561 1060 praesertim
580 1003 720 1059 sermone,
741 987 791 1058 qni
811 987 894 1058 quasi
908 993 1011 1059 sponte
1025 986 1216 1046 concluderet
1228 1003 1294 1046 rer-

284 1081 361 1137 sum,
385 1080 480 1135 neque
504 1064 578 1124 banc
603 1062 787 1123 artificiosam
807 1064 1030 1123 concinnitatem
1049 1063 1189 1136 haberet,
1216 1081 1291 1136 quae

284 1141 400 1200 aliunde
421 1142 504 1200 illata
523 1146 685 1215 respueret,
706 1158 794 1212 quum
814 1141 912 1200 omnia
932 1146 1014 1199 tanta
1028 1141 1217 1215 simplicitate
1227 1158 1291 1212 sen-

283 1219 382 1278 tentiis
402 1219 498 1277 verbis
518 1224 652 1278 conserta
672 1219 738 1288 sint,
760 1219 856 1277 omnia
875 1218 918 1277 ita
938 1219 1118 1277 membratim
1133 1224 1163 1278 et
1176 1219 1291 1277 incisim

284 1295 448 1368 decurrant,
473 1301 506 1354 ut
524 1296 663 1371 mutandi,
684 1294 869 1368 detrahendi,
891 1294 1017 1354 addendi
1037 1296 1144 1367 ubique
1164 1297 1291 1356 maxima
1311 1331 1314 1334 ⁴

283 1371 408 1433 facilitas
429 1374 475 1432 sit.
514 1373 665 1433 Postremo
685 1373 789 1431 mirum
809 1370 924 1445 fuisset,
945 1373 1001 1430 nisi
1015 1372 1154 1447 rhapsodi
1168 1388 1292 1444 genero·

284 1451 368 1510 sioris
388 1451 518 1525 spiritus,
540 1456 570 1510 et
590 1452 638 1524 qui
658 1451 715 1525 ipsi
725 1455 830 1522 poetae
851 1456 958 1523 essent,
979 1451 1087 1523 passim
1101 1449 1213 1522 aliquid
1227 1467 1246 1509 a
1259 1468 1291 1510 se

282 1528 385 1586 melius
407 1529 465 1587 dici
484 1545 580 1602 posse,
602 1529 660 1587 alia
680 1529 769 1587 etiam
789 1527 818 1584 in
841 1527 1007 1586 auditorum
1021 1529 1146 1600 gratiam
1159 1526 1292 1588 clariori·

282 1605 336 1664 bus
356 1606 452 1664 verbis
473 1606 671 1679 exprimenda,
697 1605 755 1664 alia
781 1603 906 1677 denique
933 1605 1136 1663 intertexenda
1155 1604 1289 1677 pluribus

285 1681 465 1743 carminibus
486 1701 543 1743 uno
556 1682 603 1743 filo
617 1682 768 1742 nectendis
782 1686 928 1755 putarent.
959 1682 1001 1742 Ut
1015 1683 1090 1741 enim
1105 1681 1142 1740 ab
1155 1683 1289 1742 omnibus

282 1759 514 1834 intelligerentur
535 1766 565 1819 et
585 1777 649 1819 cum
669 1760 818 1832 voluptate
839 1759 1019 1829 audirentur,
1040 1776 1151 1818 summa
1169 1758 1289 1820 illorum

282 1854 353 1897 cura
374 1855 437 1897 esse
458 1837 567 1910 debuit,
593 1854 650 1896 non
668 1837 756 1907 haec,
783 1841 816 1894 ut
837 1835 973 1895 Carmina
993 1837 1106 1895 sincera
1127 1844 1289 1906 servarent,

232 1929 270 1967 ros
283 1915 381 1986 qualia
405 1915 529 1986 primum
553 1911 669 1971 fuderat
693 1918 784 1970 vates.
830 1913 934 1984 ltaque
953 1915 1121 1973 nominatim
1142 1912 1285 1986 Cynaethi

283 1989 393 2049 familia
416 1990 600 2048 insimulatur
623 1990 703 2047 illum
729 1995 792 2047 tum
816 1991 881 2048 aliis
906 1991 999 2050 modis
1020 1991 1198 2065 corrupisse,
1226 1997 1286 2051 tum

283 2067 416 2139 proprios
436 2083 536 2124 versus
557 2065 799 2138 inculcavisselll.
835 2067 932 2140 Quare
953 2068 1086 2141 equidem
1101 2067 1284 2140 crediderim,

284 2144 309 2201 si
337 2159 372 2201 ex
401 2143 502 2200 talium
531 2143 741 2216 rhapsodorum
772 2160 822 2203 ore
853 2151 1007 2218 exceptum
1036 2146 1122 2205 hodie
1155 2152 1285 2204 exstaret

286 2220 446 2292 exemplum
465 2219 598 2292 Homeri,
625 2221 660 2280 ab
685 2221 903 2292 insequentibus
925 2222 1041 2281 Oriticis
1067 2240 1124 2282 non
1144 2222 1285 2295 limatum,

285 2296 406 2355 eandem
431 2297 509 2355 illius
535 2295 639 2356 faciem
663 2296 789 2356 futuram
815 2314 895 2371 esse,
923 2315 1009 2370 quam
1037 2301 1162 2359 maiores
1192 2301 1284 2359 nostri

285 2376 390 2446 Hymni
409 2377 617 2430 Homeridcrum
636 2373 752 2433 habent.
1159 2383 1163 2390 ’

361 2452 505 2512 Admonet
523 2469 569 2510 me
589 2453 644 2511 hoo
662 2469 766 2511 nomen
785 2451 979 2525 Hymnorum,
1005 2453 1042 2512 ab
1063 2453 1283 2513 Hemsterhusio

285 2533 314 2585 et
325 2529 389 2587 aliis
404 2530 524 2588 eruditis
535 2529 692 2602 inductum,
704 2535 736 2588 ut
745 2529 881 2588 adiiciam
893 2529 1002 2602 aliquid
1013 2530 1050 2588 de
1059 2531 1284 2605 interpolatione

283 2604 505 2679 rhapsodorum,
526 2624 562 2666 ex
582 2624 638 2679 quo
658 2608 744 2680 plane
765 2612 925 2680 appareat,
952 2624 1037 2679 quam
1057 2609 1176 2667 illinon
1197 2608 1284 2667 alieni

283 2679 393 2741 fuerint
411 2700 430 2741 a
449 2685 563 2756 poetica
576 2683 724 2757 facultate,
746 2689 776 2743 et
796 2700 882 2756 quam
903 2684 966 2743 sine
986 2682 1088 2743 fraude
1108 2686 1176 2743 talis
1196 2686 1285 2745 intor-

283 2760 392 2832 polatio
413 2757 491 2819 iacta
511 2763 557 2820 sit.
595 2761 681 2820 Prius
706 2761 821 2833 quidem
846 2762 935 2820 etiam
961 2763 1039 2820 nullo
1066 2768 1186 2821 auctore
1212 2763 1286 2820 veri-

284 2836 457 2896 simillimum
478 2844 564 2910 esset,
584 2840 639 2896 nisi
659 2838 733 2898 adeo
753 2837 862 2912 frigida
883 2845 969 2911 putes
980 2840 1095 2899 illorum
1104 2841 1232 2912 ingenia,
1253 2844 1284 2897 ut

283 2929 339 2971 usu
357 2929 450 2986 paene
471 2915 638 2987 quotidiano
658 2916 831 2989 optimorum
857 2921 1011 2989 poetarum
1034 2933 1091 2976 non
1110 2917 1285 2975 incaluerint

283 2989 320 3048 ad
341 2991 450 3063 aliquid
475 2993 567 3051 simile
594 2992 771 3051 tentandum.
811 2992 931 3066 Verum,
953 2994 1008 3051 etsi
1031 2994 1119 3052 huius
1138 2995 1206 3053 aevi
1224 2999 1283 3052 tam

282 3066 419 3127 lacunosa
437 3069 559 3128 historia
579 3077 632 3143 est,
652 3069 795 3128 Pindarus
816 3074 914 3128 tamen
938 3075 968 3128 et
981 3070 1198 3143 Plutarchus⁷⁸)
1213 3071 1285 3130 satis

354 3267 389 3334 Π)
407 3265 494 3320 Schol.
513 3265 590 3321 Pind.
608 3266 625 3319 1.
645 3281 667 3322 ο.
686 3273 713 3322 11
731 3282 766 3321 ex
783 3283 815 3323 1ο
832 3266 960 3322 Eustath.
979 3265 1014 3320 ad
1031 3267 1063 3320 11.
1081 3284 1108 3336 p.
1127 3271 1151 3322 6.
1170 3268 1218 3322 inf.

352 3352 387 3419 ⁷8)
407 3352 448 3406 De
466 3351 572 3405 Musica
589 3368 615 3420 p.
628 3357 700 3408 1133.
722 3355 749 3409 (1.
769 3353 880 3422 loquens
900 3350 934 3406 de
952 3351 1040 3406 modis
1052 3352 1242 3408 citharoedicis
1259 3360 1289 3408 et

281 3419 423 3488 rhapsodis
440 3419 646 3488 antiquioribus:
668 3420 711 3475 ra
728 3424 815 3492 πρὸς
831 3422 912 3481 τοὺς
929 3421 1050 3484 θεοὺς,
1075 3422 1118 3480 ὡς
1141 3421 1284 3486 dodica-

283 3506 351 3557 ται,
374 3489 678 3558 ἀφοσιωσάμενοι,
703 3491 845 3559 ἐξέβαινον
873 3489 958 3548 εὐθὺς
983 3489 1030 3542 ἐπί
1044 3507 1076 3541 τε
1101 3491 1151 3560 τὴν
1166 3489 1288 3562 Ὁμ’ρον

282 3557 326 3610 καὶ
343 3561 398 3611 τῶν
416 3554 502 3610 ἄλλων
521 3558 640 3626 ποίησιν·
660 3559 739 3629 δῆλον
758 3560 788 3610 δὲ
804 3561 879 3611 τοῦτ’
897 3558 956 3610 ἐστ1
975 3558 1018 3609 διὰ
1029 3562 1084 3611 τῶν
1102 3510 1283 3630 Tapaavgpaa

282 3645 302 3678 π
322 3627 436 3690 occatam.
472 3624 517 3679 Ex
539 3625 591 3680 hoc
617 3642 670 3681 uno
693 3627 752 3682 loco
772 3627 906 3694 discimus,
925 3642 979 3680 non
996 3626 1024 3680 in
1042 3627 1134 3681 Iovem
1151 3627 1239 3681 solum
1256 3632 1285 3682 11

313 3710 388 3765 usas,
413 3694 510 3750 sedin
534 3699 638 3750 ceteros
662 3710 769 3764 quoque
792 3694 857 3749 deos
879 3695 1045 3764 prooemiari
1068 3695 1176 3750 solitum
1194 3695 1285 3750 irdsse.

282 3761 377 3832 Neque
394 3770 485 3819 tamen
502 3779 537 3818 ex
554 3763 672 3819 Pindaro
689 3770 764 3819 recte
776 3763 896 3833 colligas,
909 3778 1045 3830 sempera
1058 3765 1287 3832 Iocepriacipiam
