3034 4434
686 570 868 625 -μς-

283 718 388 778 deinde
400 719 507 778 mansit
520 717 600 792 apud
614 717 834 790 Grammaticos,
850 735 888 777 ex
901 717 1004 790 quibus
1017 717 1048 776 in
1061 717 1186 778 Scholiis
1199 715 1287 792 saepe

283 811 437 856 consensus
450 795 614 869 scripturae
628 796 779 866 utriusque
791 800 914 855 notatur
919 793 967 867 ²⁰),
980 794 1051 853 alibi
1082 794 1134 853 uid
1143 795 1240 854 altera
1251 795 1287 854 ab

231 883 268 924 ιιι
284 874 378 932 altera
397 870 564 944 differat21),
585 873 680 930 rarius
700 873 752 944 its,
773 877 807 930 ut
825 868 1004 949 προέκδοσις
1022 871 1059 930 ab
1108 869 1229 929 εκδόσει
1247 872 1288 930 (11-

284 946 501 1022 ειίοςιιιιι”).
540 949 644 1021 Neque
664 965 732 1008 vero
753 965 807 1022 per
826 965 862 1007 se
882 948 1071 1022 improbabile
1091 955 1146 1020 est,
1168 948 1289 1008 eandem

282 1042 344 1084 rem
359 1022 466 1085 ‚fecisse
485 1025 695 1097 Aristarchum,
716 1040 803 1097 quam
823 1023 897 1084 fecit
915 1026 1085 1098 Apollonius
1105 1025 1241 1085 Rhodius
1260 1031 1289 1085 ct

280 1103 331 1162 alii
348 1107 452 1176 postea
470 1120 527 1163 non
546 1103 641 1177 pauci,
661 1103 777 1176 scriptis
797 1103 858 1160 suis
878 1103 984 1161 iterum
1003 1102 1140 1162 limandis
1161 1108 1193 1161 et
1206 1103 1288 1162 casti-

283 1178 443 1252 gatioribus
464 1180 594 1239 edendis.
637 1180 830 1252 Quanquam,
857 1195 945 1252 quum
964 1179 1148 1253 praeciseid
1168 1195 1288 1252 negasse

283 1256 417 1315 rideatur
429 1257 607 1329 Ammonius,
629 1257 724 1329 gravis
741 1261 852 1329 auctor,
875 1254 939 1315 fieri
952 1257 1041 1315 etiam
1051 1256 1239 1330 illudpotuit,
1258 1261 1289 1314 ut

283 1334 329 1392 vel
343 1350 379 1392 ιιι
392 1333 603 1393 adnotamentis
619 1333 803 1406 exemplaris,
817 1332 976 1391 heredibus
989 1334 1094 1405 relicti,
1107 1334 1154 1392 vel
1165 1350 1203 1392 ex
1211 1333 1288 1392 libris

285 1410 569 1483 Commentariorum,
584 1410 630 1469 vel
644 1427 681 1469 ex
694 1410 812 1482 scholis,
826 1410 856 1466 in
870 1409 974 1481 quibus
989 1410 1149 1469 sententias
1164 1427 1234 1469 snas
1247 1426 1288 1468 se·

284 1487 384 1546 cundia
394 1489 470 1546 curis
482 1488 660 1559 retractarit,
677 1487 901 1546 concinnaretur
912 1488 1043 1546 recensio
1055 1504 1130 1546 nova
1142 1492 1174 1545 ιι
1185 1487 1289 1561 passim

284 1566 399 1624 diversa
418 1581 437 1623 a
454 1566 567 1638 priore,
596 1581 682 1636 quam
707 1565 772 1637 ipse
793 1563 1003 1637 publicaverat.
1041 1563 1107 1622 Hae
1126 1564 1289 1637 probabiles

284 1643 467 1702 coniecturae
487 1647 555 1700 siant
577 1640 737 1701 doctissimi
750 1640 916 1700 Villoisonii
922 1638 969 1713 ²³),
990 1640 1093 1711 quibus
1105 1640 1234 1700 libenter
1247 1656 1289 1700 ao

285 1720 410 1792 quiesco.
449 1719 512 1777 Nec
532 1735 642 1791 operae
663 1719 791 1791 pretium
804 1722 875 1791 puto
891 1718 1013 1776 haerere
1027 1718 1057 1774 in
1070 1733 1115 1790 eo,
1135 1718 1216 1789 qnod
1228 1717 1291 1776 Arn-

283 1797 395 1856 mouius
409 1796 465 1854 iste
475 1796 521 1854 vel
530 1795 715 1867 Posidonius,
731 1793 882 1854 familiaris
896 1800 927 1853 et
937 1799 1111 1866 anagnostes
1121 1793 1291 1867 Aristarchi,

285 1874 331 1932 vel
355 1872 538 1932 Ptolemaeus
565 1871 735 1935 Ascalonita
762 1872 809 1930 vel
835 1870 976 1944 Didymus
1002 1871 1103 1945 paucis
1122 1871 1223 1931 verbis
1242 1887 1291 1932 nos

286 1949 434 2017 docerent,
454 1949 479 2007 si
500 1953 659 2021 exstarent,
679 1948 762 2008 nohis
785 1954 894 2020 autem,
914 1953 948 2006 ut
967 1948 1073 2007 similia
1091 1949 1200 2022 multa,
1219 1948 1292 2022 cogi-

285 2025 374 2085 tando
397 2029 427 2083 et
445 2024 602 2084 divinando
622 2025 661 2084 ad
680 2025 826 2096 liquidum
845 2024 1006 2098 perducere
1025 2025 1181 2084 nonlicet

362 2101 514 2174 Pergimus
535 2101 574 2160 ad
596 2101 823 2174 descriptionem
836 2102 1014 2161 recensionis
1027 2101 1245 2174 Aristarcheae,
1264 2101 1292 2158 is

236 2207 274 2249 „9
287 2182 426 2250 quantum
448 2178 500 2236 illa
521 2194 557 2236 ex
580 2184 639 2237 tam
659 2179 761 2252 paucis
781 2179 908 2251 indiciis,
928 2178 1060 2237 adhibita
1077 2178 1248 2238 coniectura
1265 2182 1293 2237 ct

289 2255 382 2314 animo
402 2255 432 2312 in
451 2255 510 2314 ista
529 2260 667 2328 tempora
686 2271 837 2328 converso,
859 2272 877 2314 a
896 2255 978 2316 nobis
997 2253 1061 2314 fieri
1078 2256 1199 2328 poterit.
1229 2254 1293 2314 Etsi

288 2333 374 2405 enim,
393 2337 427 2390 ut
445 2332 514 2405 dixi,
534 2333 649 2391 nullum
668 2337 798 2391 veterum
817 2332 988 2392 Griticorum
1007 2333 1110 2391 melius
1128 2330 1293 2405 cognoveri·

287 2427 351 2470 mus
360 2409 539 2483 Aristarcho,
568 2415 674 2483 tamen,
689 2410 714 2468 si
728 2425 786 2469 non
800 2410 912 2481 aliquot
924 2409 1081 2482 particulas
1096 2408 1148 2468 sed
1162 2410 1294 2468 universa

288 2492 547 2561 corporaspcctes,
580 2492 640 2545 tam
660 2503 763 2560 parum
784 2487 876 2545 ctiam
895 2487 925 2543 in
943 2487 998 2545 hoc
1017 2486 1096 2559 pleni
1116 2492 1185 2545 sunt
1204 2484 1294 2546 fontes

287 2565 388 2637 nostri,
405 2569 438 2623 ut
447 2580 483 2623 ne
495 2564 705 2623 brevissimam
715 2563 835 2635 quidem
850 2563 1036 2636 rhapsodiam
1047 2562 1155 2623 Iliados
1169 2563 1209 2622 ad
1221 2578 1295 2622 men-

288 2647 348 2701 tem
368 2642 430 2700 eius
449 2641 566 2701 reconci
576 2656 667 2699 unare
687 2645 717 2699 et
734 2641 892 2700 restituere
906 2656 942 2698 ex
954 2640 1012 2698 illis
1024 2640 1120 2699 liceat.
1149 2639 1294 2699 Habemus

356 2843 392 2914 ²⁰)
410 2844 507 2898 Verbis
525 2845 552 2896 at
573 2843 765 2916 Ἀριστάρχου,
784 2845 813 2896 αἱ
827 2843 1041 2916 Ἀριστάρχειοι,
1058 2849 1089 2898 ιιι
1101 2863 1127 2898 a.
1139 2849 1182 2901 91.
1199 2847 1230 2912 β.
1239 2847 1295 2902 221.

288 2929 314 2980 χ.
331 2914 390 2966 292,
418 2930 441 2965 ε.
460 2917 518 2967 808.
548 2914 571 2973 ζ.
589 2917 649 2969 288.
672 2931 689 2966 ι.
708 2913 767 2968 676.
794 2931 823 2975 μ.
850 2915 910 2967 404.
936 2932 966 2983 ρ.
983 2916 1055 2981 681,
1084 2912 1208 2982 pluribus
1225 2914 1295 2981 locis,

291 2994 358 3048 quos
374 2996 438 3034 mox
455 2981 490 3035 ad
507 2981 577 3036 alios
594 2996 658 3034 usus
675 2979 799 3036 laudabo.

358 3064 454 3130 21)1bi
472 3072 513 3120 est
530 3068 559 3119 ἐν
578 3071 612 3140 τῆ
630 3068 715 3137 ἑτέρᾳ
733 3071 790 3119 τῶν
814 3066 949 3135 Ἀριστάρ
969 3084 1009 3131 oo,
1026 3064 1091 3119 alibi
1109 3067 1199 3139 διχῶς,
1217 3065 1296 3123 semel

291 3132 442 3201 iterumque
461 3120 618 3206 διήλλαττόν
638 3137 666 3188 οἱ
684 3134 873 3206 Ἀριστάρχου.
905 3084 975 3188 13ιῇ
996 3133 1032 3188 ad
1048 3137 1077 3199 β.
1089 3139 1146 3190 131.
1157 3135 1245 3191 Gatal.
1257 3140 1296 3192 24.

292 3204 333 3254 86.
356 3217 381 3267 γ.
394 3204 452 3255 416.
477 3204 579 3258 (1282.
606 3205 665 3260 527.
694 3221 716 3257 ε.
737 3207 793 3257 132.
816 3207 872 3256 181.
901 3203 923 3260 ξ.
938 3206 1002 3256 «113.
1023 3203 1080 3258 174.
1107 3205 1136 3257 19.
1154 3207 1214 3260 213.
1238 3209 1296 3260 400.

295 3286 311 3318 ι.
329 3270 386 3322 653.
405 3270 464 3325 677.
491 3289 515 3326 κ.
536 3275 593 3327 159.
625 3273 648 3324 λ.
667 3276 726 3327 631.
753 3276 849 3326 ν.329.
869 3272 928 3324 627.
960 3269 984 3329 ξ.
998 3274 1040 3325 36.
1059 3272 1100 3326 67.
1118 3273 1178 3327 427.
1204 3276 1296 3330 adibo.

294 3353 320 3386 π.
333 3339 393 3390 430.
417 3356 441 3390 o.
455 3339 514 3394 579,
539 3341 567 3405 ψ,
587 3341 646 3395 273.
665 3345 716 3394 ιιι.
751 3339 856 3395 Eodem
879 3338 898 3390 i.
915 3352 936 3390 ι.
961 3337 997 3392 ad
1021 3338 1135 3394 alteram
1153 3340 1296 3397 editionem

293 3401 431 3458 Villoison.
449 3406 533 3460 refert
551 3408 600 3468 τὰς
623 3408 812 3478 ἐξητασμένος
829 3407 1017 3486 Ἀριστάρχου
1034 3425 1059 3476 η.
1080 3412 1137 3463 130.
1172 3409 1296 3465 Ceterum

294 3470 366 3526 fama
386 3472 455 3527 hacc
478 3473 510 3528 de
535 3475 636 3544 duplici
659 3476 782 3544 exemplo
800 3473 953 3530 Aristarchi
975 3473 1052 3529 nobis
1074 3475 1129 3530 iam
1153 3479 1218 3532 olim
1235 3485 1296 3534 nota

294 3546 353 3594 crat
375 3557 410 3596 cx
432 3541 536 3598 duobus
561 3543 659 3598 Scholl.
678 3543 713 3598 ad
732 3564 749 3597 ι.
767 3548 826 3599 310.
850 3548 878 3597 ιι
896 3546 955 3597 653.
974 3549 1002 3596 ιι
1019 3559 1054 3597 ex
1071 3543 1203 3613 Lipsicis:
1227 3544 1296 3618 apud

295 3607 468 3666 Eustathium
487 3627 546 3666 earn
564 3628 619 3666 non
636 3611 743 3665 memini
760 3629 803 3666 me
820 3613 918 3680 legere.

362 3697 398 3766 1ἵ)
416 3696 454 3752 Ut
470 3697 506 3752 ad
525 3717 552 3751 π.
570 3701 629 3754 613.
648 3715 673 3749 τ.
690 3700 748 3752 386.

364 3782 400 3851 ²²)
417 3783 543 3852 Prolegg.
561 3782 598 3838 ad
615 3781 647 3836 Il.
663 3797 690 3850 p.
707 3781 822 3837 XXVII.
