3034 4434
688 534 797 588 ...48
830 559 867 568 -

277 681 352 743 forte
371 684 432 742 tale
451 698 508 741 non
527 679 616 740 fuerit
634 680 706 739 illud
719 680 849 754 Homeri,
869 681 995 740 libenter
1014 680 1169 740 audiemus
1179 698 1239 756 cos,
1258 700 1276 742 a

277 760 379 832 quibus
392 759 567 817 remittimur
580 757 619 816 ad
631 758 703 816 alios
717 763 829 832 111111,
850 774 921 829 quos
935 774 1022 829 quum
1035 758 1149 830 liqueat
1161 760 1278 820 tritissi-

276 853 352 895 mam
364 835 500 895 habuisse
513 841 606 894 artem
619 834 774 907 scribendi,
794 851 893 894 eorum
905 835 1004 908 plures
1024 841 1122 894 tamen
1134 852 1278 908 nusquam

275 913 353 971 illius
372 913 546 972 mentionem
564 912 661 970 iacere
680 910 819 970 ridemus.
853 912 1023 984 Quanquam
1042 913 1141 985 paullo
1161 912 1278 975 diversa

275 990 401 1050 conditio
414 989 529 1048 videtur
549 1005 613 1048 esse
625 988 727 1048 horum
741 995 771 1047 et
783 988 995 1048 Hesiodeorum
1006 987 1179 1048 carminum.
1200 990 1277 1051 Nam

276 1082 362 1138 quum
382 1066 412 1124 in
431 1072 514 1125 tanta
532 1064 712 1139 longitudine
731 1066 846 1124 illorum
866 1071 911 1124 tot
932 1065 1171 1125 consuetudinum
1185 1073 1217 1126 et
1230 1083 1277 1127 ce-

274 1143 397 1202 lebrium
417 1144 522 1202 artium
534 1144 667 1216 picturae
680 1143 809 1201 intextae
823 1143 891 1214 sint,
911 1143 941 1200 in
955 1143 1055 1216 primis
1070 1158 1179 1216 earum,
1200 1161 1276 1216 quae

273 1221 323 1279 illo
343 1226 474 1293 tempore
493 1221 618 1293 aliquam
638 1219 893 1278 admirabilitatem
920 1235 956 1278 ex
975 1220 1103 1278 novitate
1123 1220 1277 1296 haberent,

273 1298 303 1354 in
317 1297 471 1356 Hesiodeie
492 1304 589 1356 autem
609 1313 714 1369 magna
734 1313 803 1372 pars
824 1295 1002 1355 domesticae
1023 1296 1195 1370 disciplinae
1215 1305 1275 1358 tra·

274 1373 369 1447 datur,
390 1376 453 1433 iure
466 1375 626 1446 meritoque
639 1375 754 1446 mirere,
775 1374 800 1431 si
813 1379 917 1432 neuter
930 1373 1102 1432 utilissimae
1115 1375 1160 1433 rei
1173 1377 1276 1434 memi-

272 1452 356 1510 nerit.
376 1452 478 1523 Neque
491 1467 560 1510 vero
574 1451 645 1509 satis
664 1448 776 1509 firmum
789 1466 843 1523 per
856 1466 889 1508 se
903 1456 983 1509 esset
991 1451 1047 1509 hoc
1060 1459 1274 1526 argumentum,

272 1534 323 1587 aut
342 1528 471 1601 dignum,
489 1529 520 1586 in
539 1545 596 1601 quo
615 1533 770 1601 tantopere
788 1542 820 1585 se
840 1528 984 1586 lactarent
997 1527 1053 1586 viri
1066 1527 1153 1587 docti.
1189 1529 1276 1602 Quod

272 1606 348 1663 enim
372 1606 415 1665 ita
439 1623 471 1664 sc
496 1605 615 1664 credere
635 1603 772 1670 ,latentur
790 1605 901 1662 nullam
921 1610 1015 1662 artem
1034 1604 1162 1665 Homero
1181 1602 1275 1666 fuisse

271 1683 429 1756 cognitam,
458 1699 532 1755 quae
553 1681 630 1755 apud
651 1697 717 1739 eum
736 1698 793 1741 non
812 1681 990 1754 inveniatur,
1014 1681 1180 1740 retunditur
1199 1682 1275 1742 haec

270 1761 346 1818 ratio
368 1761 505 1833 exemplis
526 1760 670 1818 variarum
683 1759 799 1828 artium,
818 1759 978 1830 quasnullo
991 1757 1055 1816 loco
1068 1757 1179 1830 laudet,
1200 1776 1275 1832 qua·

233 1865 258 1902 ω
271 1853 335 1894 rum
355 1843 452 1895 tamen
471 1837 539 1895 talis
560 1841 666 1894 natura
686 1841 739 1907 est,
767 1841 800 1893 ut
820 1836 904 1908 aliae,
931 1852 1003 1907 quas
1024 1851 1112 1908 saepe
1132 1836 1273 1911 celebrat,

271 1913 332 1970 sine
352 1914 410 1970 illis
431 1914 571 1971 exsistere
592 1918 623 1970 et
641 1913 798 1971 cohaerere
816 1929 874 1971 non
893 1913 1064 1985 potuissent.

346 1989 505 2059 Pergamus
526 1989 666 2061 adalind,
687 1990 764 2059 quod
777 1991 870 2061 magis
881 1989 1008 2048 continet
1022 2006 1147 2048 causam.
1178 1989 1273 2050 Dubi-

269 2071 362 2122 tatum
383 2070 428 2122 cst
441 2065 508 2122 olim
514 2063 561 2136 4⁰),
582 2082 619 2123 11
638 2082 721 2123 usum
732 2067 872 2124 elixarum
885 2066 1014 2124 carnium
1026 2067 1104 2126 norit
1116 2067 1270 2127 Homerus.

268 2141 333 2199 Non
354 2141 429 2198 enim
443 2141 531 2200 babet
544 2141 663 2199 verbum
677 2137 766 2219 ἕψειν,
787 2158 844 2201 111
858 2142 938 2200 aliud
951 2144 1106 2215 potestatis
1122 2144 1269 2216 eiusdem,

268 2217 380 2276 nonnisi
404 2234 471 2276 assa
497 2219 616 2292 apponit
642 2219 758 2277 mensis.
798 2220 838 2277 At
864 2236 933 2279 vero
954 2220 1178 2298 1111111111.
1200 2229 1275 2282 362..

268 2293 370 2366 Odyss.
387 2314 418 2371 μ.
440 2298 504 2354 131.
531 2296 636 2355 cecinit
661 2302 691 2354 et
719 2296 824 2354 similia
852 2296 890 2354 de
913 2296 1058 2355 lebetibus
1077 2298 1139 2370 igni
1158 2298 1269 2372 imponi

268 2372 369 2444 solitis,
391 2388 458 2430 num
471 2373 497 2431 is
510 2373 705 2445 coquinarium
717 2390 780 2432 rem
792 2374 908 2446 penitus
922 2374 1057 2446 ignorare
1071 2375 1185 2447 potuit?
1205 2377 1234 2435 N
1235 2393 1270 2436 ec

267 2448 305 2522 id,
326 2451 436 2522 opinor,
458 2449 629 2510 dubitabant
648 2458 772 2523 veteres,
793 2451 843 2522 qui
862 2450 940 2509 illam
957 2452 1156 2522 quaestionem
1170 2469 1268 2513 move-

265 2525 343 2586 bant.
376 2527 519 2600 Pingcndi
539 2534 641 2597 artem,
661 2545 735 2600 quae
757 2544 791 2586 eo
811 2527 926 2586 nomine
946 2527 1035 2600 digna
1055 2529 1101 2600 sit,
1121 2528 1267 2589 Homerus
1293 2522 1301 2547 ’

204 2625 206 2628 >
265 2605 372 2663 nullam
392 2604 527 2676 novit41);
548 2606 662 2664 textilia
682 2611 712 2663 et
725 2611 915 2677 cognatarum
934 2606 1040 2663 artium
1056 2621 1146 2678 opera
1159 2623 1267 2667 memo·
1290 2627 1300 2652 ⁶

265 2688 313 2739 rat
331 2682 430 2752 multa,
451 2683 593 2753 picturam
613 2683 728 2740 nullam.
761 2681 836 2738 Nam
857 2681 920 2752 quis
941 2698 1044 2740 nomen
1063 2682 1118 2740 hoc
1136 2682 1268 2755 imponat

265 2757 399 2815 rubricae
418 2759 533 2815 navium
554 2764 605 2816 aut
624 2757 779 2830 pigmentis
794 2757 914 2815 caricae
933 2758 1116 2830 mulieris42),
1135 2764 1266 2830 quamvis

264 2848 318 2904 per
337 2834 387 2890 illa
406 2834 482 2890 veris
502 2834 623 2906 picturis
643 2834 790 2906 prolusum
810 2835 868 2890 sit?
907 2835 1009 2906 Neque
1029 2837 1151 2894 militiae
1170 2854 1265 2910 neque

265 2908 342 2965 domi
362 2909 499 2968 usitatam
518 2909 653 2969 heroibus
674 2909 764 2968 fuisse
785 2911 1002 2985 equitationem,
1023 2920 1146 2984 utraque
1166 2917 1263 2986 poesis

264 2985 342 3042 11111
361 2985 503 3056 loquitur:
545 3003 610 3045 nam
635 2987 810 3060 negligenda
828 2987 911 3046 nobis
932 2995 980 3047 est
998 2991 1157 3048 auctoritas
1178 2993 1263 3051 unius

264 3061 413 3120 cuiusdam
432 3064 489 3122 loci
508 3064 541 3122 ll.
562 3085 590 3121 κ.
612 3071 746 3136 113111.
767 3064 899 3138 pluribus
920 3065 956 3123 de
979 3067 1087 3125 causis:
1109 3066 1263 3128 1111111-

264 3239 536 3376 lfflssfflgsslgcstigium
555 3247 679 3308 superest
696 3257 738 3308 ap.
757 3241 855 3296 Athen
873 3245 893 3295 l.
910 3258 937 3310 p.
955 3246 997 3297 25.
1015 3243 1048 3296 D.
1073 3243 1117 3314 [cf.
1135 3244 1261 3300 Eustath.

329 3393 365 3450 ssl
384 3394 428 3447 lta
445 3401 519 3447 recte
532 3393 599 3447 Plin.
611 3394 722 3461 XXXV,
735 3401 759 3450 3.
773 3402 840 3449 extr.
877 3395 927 3449 Cui
944 3395 1003 3450 loco
1022 3413 1077 3451 non
1094 3396 1261 3464 adversatur,

260 3464 291 3512 ut
308 3461 416 3526 quidam
434 3468 538 3529 putant,
557 3462 624 3516 alius
643 3461 761 3517 eiusdem
773 3464 870 3531 operis,
887 3463 1014 3532 XXXIII,
1032 3468 1065 3532 7.,
1085 3467 1136 3520 etsi
1146 3467 1260 3523 fortasse

260 3542 294 3580 ex
313 3528 417 3584 diverso
435 3530 564 3608 scriptore
582 3530 690 3596 petitus.
720 3530 864 3585 Confirmat
881 3548 938 3586 rem
956 3533 1069 3587 historia
1079 3535 1178 3589 artium
1187 3538 1259 3605 apud

261 3595 386 3662 Graecos,
405 3598 439 3652 ad
458 3613 533 3651 curus
552 3598 697 3666 scriptores
715 3600 888 3654 amandemus
906 3601 1042 3656 lectorem.

328 3682 363 3750 42)
381 3683 410 3736 ll.
431 3685 454 3735 d.
476 3687 531 3736 141.
550 3698 606 3751 sqq.
643 3680 715 3753 Νῆες
742 3686 881 3749 μέλαιναι,
910 3687 1112 3758 μιλτοπάρῃαι,
1142 3709 1256 3758 porrac-

259 3751 364 3820 rra'ppaae
382 3751 535 3806 notissimae
553 3757 616 3806 sunt
633 3768 667 3806 cx
684 3752 775 3806 multis
792 3754 920 3808 versibus.
