3034 4434
696 512 874 567 -1oe-

284 659 363 734 quod
382 659 524 720 Homerus
545 659 743 732 gravimimam
768 659 848 719 illam
872 674 988 718 causam
1014 656 1084 718 belli
1103 673 1162 718 non
1181 655 1286 718 fuisset

285 754 342 798 uno
362 738 425 797 loco
445 737 596 805 allaturus,
616 736 750 808 quoniam
771 737 833 795 eius
853 735 1041 808 attingendae
1060 751 1152 809 saepe
1171 734 1284 795 occasio

284 813 396 887 fnisset,
416 813 443 872 si
460 811 559 872 fabula
579 818 658 871 esset
676 813 790 873 omnino
810 814 916 873 aetatis
929 811 1112 873 Homericae.
1133 811 1285 882 :Obvenie-

284 890 356 949 bant
374 888 491 963 quidem
517 890 646 949 nonnulli
670 890 755 964 plura
774 889 853 963 apud
872 894 988 964 poetam
1008 889 1098 948 semel
1115 893 1284 961 memorata,

284 982 359 1040 quae
378 973 476 1026 tamen
488 965 588 1026 cmuci
607 967 717 1025 intacta
736 967 930 1040 reliquissent.
964 965 1095 1025 Frustra
1129 965 1196 1025 Non
1211 966 1284 1024 enim

283 1043 334 1101 ille
343 1061 368 1100 ε.
379 1050 424 1102 63.
439 1043 506 1102 silet
517 1043 586 1122 νῆας
599 1040 786 1122 &perducor
800 1044 819 1100 i.
834 1060 860 1102 e.
874 1040 1085 1117 profectionem
1098 1041 1215 1101 Paridis
1229 1043 1283 1101 La·

228 1190 231 1195 ¹
283 1118 495 1193 cedaemonem‚
515 1121 621 1193 inqua
641 1136 676 1178 ex
693 1136 774 1180 more
793 1121 903 1179 saeculi
922 1120 967 1178 sui
986 1119 1064 1178 haud
1087 1118 1177 1178 dubie
1191 1118 1229 1179 ad
1241 1117 1281 1176 ia·

283 1197 372 1256 talem
391 1213 508 1256 causam
527 1213 713 1270 regressurus
733 1203 807 1269 erat,
834 1213 908 1268 quae
928 1197 1042 1269 culpam
1061 1194 1235 1256 transferret
1253 1196 1282 1253 in

286 1273 365 1334 deos.
400 1274 592 1346 Quamobrem
606 1279 636 1331 et
649 1279 763 1333 veteres
769 1274 817 1345 68),
832 1281 862 1332 et
874 1274 1050 1333 recentiores
1067 1273 1167 1345 aliqui,
1180 1273 1212 1331 in
1225 1272 1283 1345 qui·

285 1349 339 1409 bus
351 1351 444 1409 instar
454 1351 578 1410 omnium
588 1351 824 1409 Hemsterhusius
835 1356 889 1424 est,
908 1351 994 1423 plane
1006 1350 1204 1424 probaverunt
1212 1349 1284 1407 iudi·

286 1427 362 1486 mum
380 1427 466 1501 diod,
496 1445 553 1501 quo
572 1427 710 1486 iudicium
729 1427 845 1486 Paridis
866 1428 988 1487 tollitur.
1019 1427 1131 1498 Neque
1151 1425 1283 1498 equidem

285 1509 385 1564 tantae
398 1505 566 1565 auctoritati
578 1505 759 1577 alloquerer,
779 1505 836 1563 nisi
849 1505 927 1576 mibi,
942 1509 975 1561 ut
987 1503 1058 1562 alibi
1071 1501 1241 1576 significavi,
1255 1503 1283 1560 in

232 1586 271 1628 Μ
283 1581 328 1641 his
348 1582 502 1656 postremis
521 1582 609 1640 alium
631 1586 777 1640 auctorem
791 1597 877 1654 quam
890 1582 1019 1654 priorum
1030 1579 1170 1640 librorum
1184 1578 1283 1638 audire

284 1656 406 1718 viderer.
445 1659 530 1718 Nunc
558 1675 627 1717 vero
655 1662 685 1716 et
710 1658 782 1716 illud
813 1665 843 1717 et
862 1656 1040 1717 Hesiodeam
1056 1651 1280 1735 palpatoque)

283 1734 362 1794 baud
382 1740 502 1808 gravate
522 1733 592 1808 fero,
614 1735 669 1793 etsi
690 1751 726 1794 ea
744 1736 802 1793 iam
816 1736 846 1792 in
858 1735 1072 1808 Aristophaneo
1086 1739 1116 1791 et
1129 1733 1160 1790 in
1173 1733 1278 1792 urbicis

285 1811 457 1884 quibusdam
476 1812 686 1885 exemplaribus
707 1813 828 1886 expulsa
848 1818 927 1884 erat,
957 1816 1019 1871 toto
1039 1809 1220 1870 hemistichio
1242 1810 1282 1868 sic

283 1894 403 1957 mutato,
423 1885 442 1966 ἦ
461 1887 489 1944 oi
507 1884 702 1978 κεχοψνηιένα
721 1883 792 1965 δῶρ’
812 1886 939 1966 ὀνόμηνε.
974 1888 1067 1960 Quam
1079 1891 1159 1945 recte
1175 1892 1205 1945 et
1217 1886 1282 1946 reli-

285 1965 375 2038 giose,
393 1981 451 2023 non
471 1964 601 2023 dixerim.
633 1966 708 2022 Nam
726 1982 830 2038 parum
850 1964 1015 2038 probabiles
1035 1969 1106 2037 puto
1122 1979 1172 2021 eas
1186 1978 1282 2022 omnes

286 2041 466 2100 coniecturas
486 2046 516 2098 et
535 2041 643 2113 obelos,
664 2041 766 2112 quibus
788 2049 917 2101 extrema
936 2040 1044 2100 Hiados
1064 2039 1103 2099 ad
1124 2039 1284 2098 similitudi·

286 2132 352 2175 nem
364 2116 536 2176 Homericae
556 2117 772 2176 consuetudinis
786 2119 909 2192 pervim
923 2117 1066 2189 refingere
1080 2115 1283 2186 voluer-unta).

286 2192 365 2252 Alibi
385 2194 501 2266 saepius
519 2193 669 2254 obscurior
689 2200 733 2253 est
753 2197 899 2254 sententia
918 2194 1089 2253 Aristarchi.
1123 2193 1165 2253 Ut
1177 2213 1205 2249 π.
1220 2200 1282 2252 613.

286 2270 427 2328 incertum
448 2275 506 2342 est,
531 2271 614 2330 hicne
634 2272 696 2344 ipse
717 2288 817 2331 versus
837 2289 874 2331 an
893 2272 1016 2346 proximi
1035 2271 1108 2341 duo,
1134 2271 1183 2341 qui
1203 2270 1283 2328 nimis

287 2345 453 2424 ταντολόγοι
473 2353 548 2422 sunt,
569 2346 714 2407 abfuerint
733 2349 770 2408 ab
790 2349 884 2407 altera
903 2349 1073 2407 recensione
1093 2347 1179 2405 illius.
1212 2347 1284 2405 Itcm

287 2446 304 2481 e.
326 2431 486 2484 684-690.
508 2428 694 2497 (688-694.)
715 2425 880 2498 ambiguum
900 2424 993 2483 videri
1012 2430 1118 2498 potest,
1139 2424 1208 2495 quid
1221 2423 1285 2481 Ari-

287 2502 418 2561 starchus
431 2503 540 2576 primus
554 2501 664 2575 iecerit,
680 2502 806 2574 quidque
819 2502 933 2561 omnino
946 2502 1100 2574 notaverit,
1121 2517 1207 2574 quum
1220 2515 1285 2574 per·

286 2579 385 2653 spicue
407 2585 573 2638 numeretur
591 2580 621 2637 in
642 2577 789 2636 ddsroior.
818 2577 928 2651 Quodsi
941 2579 965 2636 is
980 2577 1056 2636 idem
1069 2575 1134 2644 fuit,
1145 2582 1178 2634 ut
1191 2577 1283 2650 suspi-

287 2672 345 2729 cor,
366 2657 416 2729 qui
435 2657 528 2715 locum
548 2657 627 2714 illum
648 2652 796 2731 συνέτεμε,
815 2655 932 2713 reiectis
953 2671 1005 2713 sex
1018 2654 1148 2712 versibus
1161 2654 1204 2712 ita
1216 2653 1286 2712 scri·

286 2731 357 2791 bere
370 2733 469 2805 voluit,
483 2738 516 2792 ut
525 2730 618 2810 Χεζοα
631 2728 679 2811 ἑήν
693 2732 777 2790 finem
791 2730 903 2790 iaceret
916 2732 1054 2790 orationis
1064 2731 1187 2803 Ulyssis,
1202 2730 1285 2802 eique

287 2809 382 2867 versui
403 2809 589 2882 subiungeret
608 2810 681 2869 duos
700 2810 780 2880 illos,
799 2800 849 2872 Ὣς
867 2801 914 2884 ἄρ.
942 2840 977 2850 -
1003 2811 1100 2886 σιωπῇ
1120 2813 1151 2865 et
1178 2803 1234 2885 Δὴν
1253 2804 1284 2863 δ’

237 2903 276 2945 sss
289 2881 366 2962 ἄνεῳ
379 2916 416 2974 —7
430 2883 554 2974 Ἀχαιῶν,
574 2888 671 2945 deleto
693 2902 736 2956 eo,
757 2886 806 2956 qui
827 2886 913 2957 vulgo
933 2885 978 2943 bis
991 2883 1180 2956 interpositus
1195 2889 1248 2955 est,
1268 2899 1286 2940 a

288 2975 334 3020 me
348 2977 429 3018 uncis
443 2963 578 3022 inclusus.
608 2965 683 3023 Nam
696 2963 743 3021 hic
755 2962 826 3020 mibi
839 2978 953 3034 semper
967 2961 1130 3034 importune
1144 2961 1286 3033 repetitus

288 3035 448 3110 videbatur,
469 3054 555 3110 quum
575 3041 748 3115 superiores,
768 3039 839 3098 licet
859 3045 888 3097 et
907 3039 986 3111 ipsos
1000 3038 1146 3106 molestes,
1165 3041 1287 3110 propter

288 3284 314 3339 Ε
357 3218 393 3284 ⁵⁸)
409 3216 520 3338 lffimb
548 3217 653 3271 Satura.
672 3215 705 3285 V,
725 3220 764 3271 16.
783 3215 852 3270 med.
871 3220 899 3268 et
916 3214 996 3266 Auct.
1014 3208 1094 3266 Vitae
1113 3213 1191 3267 Hom.
1210 3212 1242 3265 T.
1253 3209 1286 3264 V.

315 3300 354 3339 rn.
371 3301 397 3353 p.
468 3325 475 3339 .

358 3373 395 3435 ⁵⁹)
420 3369 496 3424 Conf.
514 3368 610 3425 Suidas
637 3377 664 3424 et
681 3371 806 3438 Apollon.
826 3384 882 3422 voc.
899 3366 1058 3440 μαχλοσύνη
1076 3366 1167 3435 ibique
1186 3366 1287 3421 Villois.

290 3439 374 3496 Simul
391 3455 426 3494 cx
442 3440 494 3492 bac
511 3453 541 3492 re
558 3437 745 3506 intelligimus,
773 3435 959 3490 Aristarchum
976 3435 1095 3489 Hesiodo
1114 3451 1162 3488 seu
1185 3432 1288 3489 auctori

290 3505 454 3577 Καταλόγων
472 3506 626 3561 inferiorem
644 3522 724 3573 quam
741 3506 860 3559 Homero
872 3510 988 3557 aetatem
1007 3503 1141 3556 tribuisse.

357 3597 394 3663 ⁶⁰)
410 3593 443 3648 Id
460 3593 499 3646 ita
517 3591 618 3646 iactum
636 3604 694 3643 esse
713 3591 814 3644 clarum
833 3596 874 3643 est
892 3605 926 3643 ex
943 3587 1040 3642 Scholl.
1061 3586 1095 3641 ad
1119 3585 1185 3640 ῙΊΦ.
1202 3587 1232 3640 Ψ.
1255 3586 1288 3640 In

290 3663 387 3732 quibus
404 3660 555 3730 rhapsodiis
571 3658 695 3713 certatim
713 3658 886 3712 elaborarunt
902 3662 1018 3723 veteres,
1035 3662 1153 3710 utnotas
1165 3655 1290 3724 proprias

290 3731 438 3788 alienorum
455 3729 622 3798 ingeniorum
639 3726 796 3781 emouerent.
