3034 4434
610 545 788 599 ...48-

204 694 269 752 lcndi
288 699 319 753 et
332 709 456 766 prosam
469 692 621 765 condendi,
642 693 713 752 satis
726 694 784 752 iam
798 693 934 765 expedita
946 692 1035 753 fuerit
1047 697 1200 768 scriptoria

204 787 242 828 ars
265 776 446 845 suppetente
471 770 555 842 copia
578 770 846 839 instrumentorum,
872 771 975 843 quibus
994 772 1033 831 ad
1053 789 1117 842 eam
1136 779 1199 832 ute·

203 852 293 906 rentur
305 847 372 906 eine
385 847 532 907 molestia.
558 847 624 905 Non
637 846 714 918 quod
727 848 756 904 in
769 848 828 905 ista
841 849 926 921 copia
939 850 1027 907 ullam
1040 852 1097 907 vim
1109 848 1199 908 fuisse

202 931 306 998 putem,
332 929 369 983 ut
393 940 500 983 novum
519 939 610 997 genus
629 925 758 996 cogitata
773 924 927 995 eloquendi
945 932 1129 997 nasceretur;
1154 928 1200 985 uti

203 1001 272 1062 docti
291 1000 423 1074 quidam,
444 1016 532 1072 quum
551 1001 694 1074 poeticam
708 1008 769 1060 tam
781 1007 894 1060 matura
907 1008 1005 1061 natam
1018 1003 1200 1075 mnarentur,

202 1094 297 1150 neque,
317 1094 372 1136 cur
391 1077 436 1135 ita
454 1074 562 1137 iactum
583 1083 671 1148 essct,
691 1077 833 1149 viderent,
854 1095 970 1136 cansam
984 1080 1046 1138 eius
1060 1080 1104 1137 rei
1117 1095 1201 1152 prac-

202 1157 309 1228 cipuam
322 1155 400 1213 hanc
414 1154 583 1227 attulerunt,
597 1154 674 1226 quod
687 1154 769 1213 rudis
781 1156 906 1228 populus
921 1162 1005 1215 acute
1015 1156 1202 1229 praeviderit,

203 1233 332 1290 eximium
350 1230 531 1303 praesidium
544 1231 700 1291 memoriae
713 1230 775 1291 fore
788 1233 818 1289 in
830 1249 984 1291 numerosa
996 1233 1193 1292 moderatione

202 1325 344 1367 ramnum:
372 1324 473 1365 verum
496 1313 593 1367 tamen
617 1324 674 1369 non
698 1309 843 1380 intelligo,
869 1325 926 1380 qua
945 1311 1063 1368 tandem
1082 1311 1199 1368 ratione

203 1387 331 1457 cuiquam
345 1386 376 1442 in
389 1391 516 1443 mentem
530 1387 627 1444 venire
641 1386 771 1458 potuerit
783 1385 894 1457 aliquid
906 1388 1068 1458 prosarium
1088 1403 1201 1458 compo-

203 1478 276 1534 nere,
288 1462 348 1520 nisi
361 1462 449 1520 aliam
463 1463 623 1522 custodiam
636 1463 789 1535 compositi
798 1463 827 1520 in
838 1470 973 1536 promptu
982 1463 1103 1522 haberet
1113 1480 1199 1534 quarn

203 1539 366 1598 memoriam
380 1555 471 1597 suam.
493 1537 633 1599 Obruitur
645 1540 721 1597 enim
734 1540 881 1610 memoria,
894 1541 1063 1611 animusque
1076 1545 1199 1612 vagatur

205 1623 230 1674 ct
248 1621 330 1674 errat
348 1615 380 1673 in
399 1615 455 1673 hac
474 1615 567 1674 libera
590 1618 805 1676 continuatione
825 1616 990 1688 verborum,
1016 1632 1090 1687 qnae
1110 1617 1197 1674 nullis

205 1693 287 1751 cartis
312 1692 443 1754 numeris
473 1691 614 1752 adstricta
640 1699 699 1765 est,
723 1694 810 1751 nullis
830 1694 910 1751 velut
928 1693 1030 1765 spatiis
1051 1693 1196 1763 distincta,

206 1769 304 1840 quibus
325 1769 420 1828 oratio
440 1769 539 1828 orbem
559 1787 642 1828 suum
662 1768 803 1830 conficiat
832 1769 922 1840 Atqui
941 1785 1029 1840 quum
1048 1768 1203 1827 Homerica

207 1845 290 1905 dictio
310 1847 398 1918 longe
417 1845 560 1918 longeque
579 1847 701 1906 reducta
721 1848 761 1905 sit
780 1846 817 1905 ab
837 1863 872 1905 eo
892 1863 977 1918 sono,
1003 1861 1087 1917 quern
1107 1847 1137 1902 in
1156 1846 1199 1902 in·

206 1920 293 1981 fantia
312 1923 444 1995 gentium
463 1922 566 1982 horror
584 1931 732 1997 troporum
747 1929 778 1982 ct
788 1924 945 1994 imaginum
957 1921 1049 1994 infiat,
1069 1929 1157 1994 atque
1170 1921 1199 1979 in

207 2000 297 2058 verbis
312 1999 549 2059 oblocutionibus
563 2002 707 2074 castigata
719 2001 882 2071 admodum,
902 2000 1046 2071 aequabili
1060 2015 1197 2058 verecun-

208 2075 297 2148 doqne
321 2081 425 2136 tenore
450 2093 503 2136 suo
527 2077 610 2149 quasi
634 2078 824 2150 praenunciet
847 2076 1014 2149 pedestrem
1041 2078 1195 2136 dictionem

208 2154 333 2225 proxime
353 2158 528 2227 secuturam,
547 2170 633 2227 quarn
652 2161 750 2213 tamen
769 2154 891 2227 amplius
911 2155 969 2213 tria
988 2155 1106 2213 saccula
1123 2169 1204 2212 anc-
1218 2154 1243 2194 ²²

208 2231 279 2289 minc
292 2235 436 2291 tentatam
449 2231 622 2303 reperimus:
643 2233 685 2290 ita
698 2248 764 2290 mea
776 2229 834 2290 fert
847 2232 952 2303 opinio,
974 2237 1076 2290 utnon
1089 2232 1198 2288 cultum

209 2307 394 2380 ingeniorum,
415 2306 469 2366 sed
488 2308 547 2367 elia
565 2309 708 2380 quaedam
728 2309 907 2379 maximeque
921 2307 1119 2367 difficultatem
1133 2307 1205 2365 scri·

209 2383 292 2442 bandi
317 2383 444 2444 arbitrer
469 2385 499 2441 in
518 2401 599 2444 mora
617 2384 723 2458 fuisse,
748 2401 805 2457 quo
830 2386 922 2443 minus
948 2386 1091 2457 poeticam
1115 2388 1202 2455 prosa

211 2461 373 2534 eloquentia
393 2465 454 2518 tam
468 2462 565 2534 celeri,
586 2478 672 2534 quam
684 2467 791 2521 natura
802 2460 903 2532 ferret,
923 2460 1016 2532 gradu
1029 2465 1207 2530 sequeretur.

284 2538 378 2610 Quam
398 2537 517 2596 obrem
537 2539 709 2612 scripturam
729 2545 844 2598 tentare
865 2543 895 2594 ct
914 2537 1055 2595 communi
1073 2536 1138 2593 usui
1151 2551 1202 2606 ap

210 2621 270 2673 tare
289 2615 378 2688 plane
397 2614 475 2672 idem
494 2615 611 2674 videtur
628 2614 727 2688 irrisae,
747 2621 835 2686 atque
855 2629 970 2686 prosam
990 2618 1104 2671 tentare
1124 2616 1155 2668 et
1173 2611 1203 2667 in

211 2708 243 2750 ea
256 2691 417 2752 excolenda
429 2707 461 2749 se
474 2708 591 2764 ponere.
611 2693 714 2765 Neque
725 2693 801 2752 enim
810 2697 871 2750 tum
882 2691 1005 2764 primurn
1014 2688 1203 2747 nascebatur:

211 2770 322 2828 cultura
334 2768 422 2828 modo
436 2766 570 2829 defuerat
582 2774 613 2828 ct
625 2768 812 2829 conformatio
826 2768 978 2841 quaedam,
997 2767 1027 2824 in
1039 2767 1127 2838 ligno,
1147 2781 1220 2822 men

210 2847 296 2915 tullia,
314 2845 462 2919 lapidibus
480 2862 538 2904 non
557 2847 659 2906 melius
677 2847 839 2919 procedens
853 2863 938 2918 quam
951 2845 980 2902 in
994 2843 1128 2902 familiari
1142 2858 1206 2900 ser·

210 2939 306 2995 mone,
333 2924 365 2980 in
395 2921 539 2995 epistolis,
564 2924 594 2981 in
619 2923 812 2983 concionibus.
851 2924 898 2981 Ex
922 2939 978 2993 qno
996 2921 1069 2979 illud
1089 2935 1205 2992 quoque

210 3000 277 3059 mihi
300 2999 404 3059 videor
428 3000 548 3073 pulchre
573 3001 754 3073 perspicere,
781 3004 1085 3059 curnemoveterum
1105 2997 1206 3055 cosin

212 3076 400 3150 scriptoribus
414 3092 519 3150 prosae
531 3083 672 3149 numeret,
686 3079 736 3149 qui
747 3076 874 3136 nondum
886 3075 1025 3148 portabili
1037 3074 1161 3132 materia
1173 3071 1210 3130 ad

212 3153 394 3213 scribendum
414 3153 460 3210 usi
480 3159 572 3226 crant,
592 3155 635 3212 uti
655 3155 718 3226 ipse
733 3154 820 3213 Solon
839 3154 869 3210 in
888 3152 1001 3224 legibus
1015 3154 1084 3210 suis.
1115 3150 1210 3208 Multo

212 3231 305 3288 minus
326 3231 357 3288 in
377 3230 455 3289 hunc
473 3247 623 3289 nnmerum
643 3231 756 3289 admitti
776 3231 871 3304 potnit
889 3229 1073 3303 Hipparchus
1092 3233 1212 3300 propter

212 3306 312 3367 breves
333 3306 493 3366 sententias
514 3312 544 3365 at
561 3315 719 3381 praecepta
731 3324 850 3380 morum,
872 3308 984 3379 quaeis
999 3309 1035 3366 'lo
1048 3303 1111 3364 fere
1125 3303 1209 3361 annis

214 3390 276 3456 post
302 3383 438 3443 Solonem
461 3384 584 3458 publicis
608 3386 799 3445 monumentis
823 3383 1012 3458 insculpenda
1041 3379 1206 3451 curaritil).

298 3567 335 3633 ³⁶)
358 3565 426 3621 Noti
438 3561 604 3635 Ἱππάρχειοι
617 3562 715 3633 Ἑρμαῖ
734 3564 798 3619 olim
817 3563 924 3632 quidem
942 3578 956 3616 e
975 3560 1106 3625 Comitia,
1120 3557 1211 3637 ,hodie

217 3634 243 3687 in
258 3634 363 3714 primis,
374 3648 411 3688 cx
428 3639 537 3687 auctmc
556 3632 687 3687 Platonici
704 3632 774 3686 Dial.
794 3632 841 3701 qui
857 3630 1030 3712 liipparchus
1047 3625 1210 3681 inscribitur.

218 3695 1212 3840 truseratcurtatlitattittttttuttt
