3034 4434
618 544 803 604 ...1³¹1-

209 695 322 777 Πήρειή,
348 697 441 770 idque
460 694 540 755 haud
561 694 647 755 dubie
669 713 705 755 ex
723 697 780 755 hoc
799 696 862 756 loco
883 696 1024 770 praebent
1044 697 1208 771 Stephanus

208 774 267 847 Byr.
289 779 321 833 et
334 773 504 847 Hesychius
524 789 578 846 pro
591 773 711 846 regione
725 772 896 833 Thessaliae
909 773 1012 832 Pheris
1026 775 1128 833 vicina.
1150 775 1208 835 Sed

208 851 324 911 charum
343 852 438 911 multo
458 851 585 923 plurium
605 851 762 910 lectionum
782 855 873 909 testes
888 856 1005 908 exstant
1023 851 1140 910 minime
1159 852 1209 912 oh
1222 862 1247 904 aa

208 929 290 986 sauri:
320 943 446 1000 quorum
466 933 565 986 tamen
578 943 632 986 nec
646 942 782 986 numerus
796 943 850 985 neo
864 927 935 985 alias
949 933 1082 1000 spectata
1094 927 1209 989 bonitas

206 1003 286 1064 fidem
312 1003 414 1064 iacere
433 1003 597 1078 potestus,
618 1002 721 1075 quibus
737 1020 801 1063 eam
814 1003 935 1061 istarum
949 1004 1046 1075 aliqua
1059 1020 1210 1066 causarum

207 1081 334 1155 derogat.
368 1081 433 1154 Qua
454 1096 490 1140 er
510 1080 605 1140 classe
625 1080 698 1140 haec
719 1080 852 1152 exempla
871 1081 907 1152 ei,
929 1082 978 1152 qui
991 1080 1111 1140 Homeri
1129 1083 1210 1155 inge-

205 1159 279 1217 nium
301 1165 334 1218 et
354 1156 593 1218 consuetudinem
612 1157 750 1229 loquendi
771 1158 913 1230 calluerit,
938 1158 1008 1229 quid
1027 1159 1122 1230 velim,
1152 1176 1209 1220 uno

207 1241 364 1309 suspectu
384 1233 553 1294 ostendunt:
592 1234 625 1292 11.
647 1254 675 1291 α.
696 1241 742 1294 20.
770 1233 885 1290 λῦσαιτε
904 1233 986 1311 φίλην
1006 1233 1043 1292 τὰ
1063 1233 1087 1292 δ’
1109 1231 1209 1294 ἄποινα

206 1308 333 1390 δέχεσθε
358 1316 502 1370 mutatum
533 1313 562 1368 in
594 1308 682 1378 λῦσαί
702 1328 734 1367 τε
759 1330 791 1388 φ.
820 1307 856 1366 τό
880 1315 903 1366 τ’
932 1306 1032 1369 ἄποινα
1056 1310 1093 1369 δέ
1112 1311 1209 1383 εσθαι,

203 1385 232 1461 β.
251 1396 318 1449 293.
340 1385 374 1466 ήν
393 1389 424 1446 in
444 1385 492 1458 όν,
512 1407 544 1482 φ.
564 1393 611 1447 42.
637 1382 755 1465 ἐπόψιον
776 1388 806 1444 iu
826 1384 957 1464 ὑπόψιον,
983 1386 1009 1445 ὃ.
1031 1395 1076 1446 24.
1120 1410 1159 1468 ,οη
1179 1391 1209 1448 in

201 1462 277 1546 οΗρή,
297 1484 323 1523 ε.
338 1467 404 1526 227.
426 1461 609 1544 ἀποβήσομαι
622 1464 651 1523 in
664 1460 843 1541 ἐπιβήσομαι,
864 1462 887 1529 ζ.
904 1471 947 1523 51.
968 1458 1067 1521 ἔπειθε
1079 1467 1110 1525 in
1122 1462 1210 1543 ὄρινε,

210 1561 235 1637 p.
257 1544 324 1602 277.
346 1539 452 1619 μέσσω
476 1541 506 1597 in
529 1539 648 1618 μέσσῳ,
674 1539 790 1599 11454.
817 1539 849 1598 τό
874 1538 908 1597 δὲ
935 1539 983 1597 καὶ
1007 1540 1210 1619 τετελεσμένον

205 1637 284 1676 εσται
295 1619 326 1677 in
336 1616 371 1676 τὸ
381 1614 419 1676 δέ
425 1637 477 1678 κεν
489 1637 546 1676 rec.
557 1613 617 1698 ήεν,
628 1639 645 1676 ι.
660 1625 724 1677 632.
737 1620 828 1690 (628.)
839 1614 938 1706 φόνοιο
952 1618 982 1674 in
995 1619 1112 1696 φονῆος,
1123 1642 1149 1677 κ.
1161 1629 1207 1682 88.

205 1692 295 1753 aliusue
316 1697 346 1754 in
398 1691 498 1770 ώσεαι,
517 1695 541 1753 λ.
557 1702 602 1754 51.
619 1691 688 1772 μεθ’
711 1691 817 1773 ἱππήων
838 1711 867 1751 rn
882 1691 946 1771 μέγ’
965 1690 1079 1772 ἱππήων,
1097 1717 1130 1773 μ.
1141 1705 1206 1756 382.

223 1772 329 1850 είρεσιν
350 1713 518 1907 ήῖφοτέρής
546 1776 581 1844 (s.
598 1769 682 1906 {cepi
703 1789 736 1849 γε
754 1775 792 1851 ιῇ
809 1766 907 1904 {cefff
927 1767 1011 1848 φέροι
1031 1772 1061 1828 in
1077 1767 1208 1851 χειήνεσσ’
1360 1813 1362 1817 .

265 1847 370 1929 οτέρής
402 1868 464 1928 χοι,
484 1869 507 1908 ν.
517 1856 582 1910 485.
621 1848 644 1906 νλ
661 1845 749 1926 θυμῷ
760 1849 791 1905 in
808 1843 853 1904 ἐπὶ
888 1850 960 1926 appi,
975 1845 999 1916 ξ.
1011 1855 1076 1907 414.
1084 1849 1208 1929 pecudem
1314 1866 1327 1929 „³

203 1926 317 2005 πληγῆς,
339 1945 366 1983 ο.
377 1929 443 1986 379.
459 1923 523 1985 νόον
533 1927 563 1983 in
577 1921 693 1995 κτόπον,
711 1945 738 1981 π.
755 1926 820 1983 732.
835 1918 924 2003 ἔπεχε
937 1927 967 1982 in
981 1919 1081 2002 ἔφεπε,
1097 1950 1127 2005 p.
1141 1935 1206 1987 365.

203 2001 287 2097 πόνον
301 2004 330 2060 in
340 2001 441 2081 φόνον,
457 2022 485 2062 σ.
498 2011 563 2094 531.
577 2001 666 2092 ἱράων
680 2003 710 2060 in
724 1998 841 2096 εήοοίων,
861 2021 884 2058 τ.
901 2009 946 2062 19.
959 1997 1101 2079 ἐτάρπετο
1119 2007 1149 2065 in
1164 2024 1208 2096 τε·

203 2087 636 2235 mameranus
654 2096 934 2232 uerutum.
950 2075 1208 2229 areisans

204 2254 236 2289 ο.
261 2235 325 2292 793.
347 2233 512 2310 κοισιήινήτοι
532 2227 637 2309 ἕταροί
652 2250 685 2288 τε
703 2232 733 2290 in
753 2232 925 2309 κασίγνηταί
940 2231 967 2288 θ’
988 2228 1094 2311 ἕταροί
1108 2255 1149 2293 τε.

279 2310 326 2368 Ex
349 2311 407 2368 illis
427 2326 504 2368 nunc
530 2325 614 2368 ame
633 2309 750 2367 reiectis
771 2308 942 2367 lectionibus
962 2313 1116 2370 nonnullae
1137 2313 1207 2372 satis

205 2387 340 2458 antiquos
362 2393 392 2446 et
410 2386 531 2446 idoncos
552 2390 684 2445 auctores
703 2385 821 2457 habent,
841 2385 947 2458 partim
966 2386 996 2442 in
1017 2385 1138 2447 Scholiis
1158 2405 1207 2447 no-

204 2463 333 2523 minatim
358 2464 531 2537 appellatos.
570 2462 628 2522 Sed
653 2477 690 2519 ne
716 2462 828 2531 dicam,
853 2461 1032 2518 diversarum
1052 2463 1206 2522 lectionum

205 2540 321 2613 optione
345 2539 415 2600 data
434 2539 517 2600 nobis
537 2539 647 2614 proprii
664 2537 765 2597 iudicii
778 2539 982 2596 necessitatem
994 2539 1117 2612 imponi;
1137 2540 1207 2611 quid

206 2623 258 2690 est,
274 2616 354 2690 quod
365 2632 418 2676 nos
433 2617 534 2690 adigat
547 2619 576 2675 in
589 2614 679 2675 verba
689 2615 862 2674 Oriticorum
874 2619 1013 2684 veterum,
1027 2615 1077 2673 uhi
1088 2632 1137 2675 eos
1148 2615 1207 2676 Ho·
1227 2615 1229 2619 ’

204 2709 282 2754 mero
304 2693 443 2754 indecora
461 2693 604 2752 interdum
622 2692 790 2751 melioribus
801 2693 858 2750 iam
877 2698 938 2750 tum
951 2693 1077 2765 receptis
1090 2699 1207 2766 praetu-

203 2770 279 2844 lisse,
290 2776 343 2829 aut
354 2786 389 2829 er
398 2771 564 2847 importuna
575 2771 741 2829 coniectura
751 2769 883 2827 intulisse
893 2769 1073 2842 reperimus?
1083 2771 1207 2830 Ridetur
1220 2793 1245 2832 ao

206 2866 249 2902 σοι
263 2850 397 2904 Zenodoti
416 2851 447 2905 et
465 2850 537 2907 ιὀσοι
558 2849 688 2916 &cutim
709 2862 746 2904 an
759 2845 929 2905 Aristarcho
948 2861 984 2904 aa
1002 2847 1109 2918 ubique
1129 2849 1206 2908 acies

204 2924 308 2983 mentis
329 2929 360 2983 et
379 2923 480 2982 iudicii
498 2921 561 2997 fuit,
582 2928 615 2982 ut
634 2922 670 2983 ab
693 2939 727 2983 eo
745 2921 901 2981 dissentire
922 2923 960 2981 sit
979 2921 1080 2982 nefas?
1099 2925 1206 2985 Aucto-

204 3001 321 3061 ritatem
342 2998 475 3074 proiecto
493 3017 551 3060 non
570 2999 680 3059 iaciunt
698 3015 806 3072 magna
825 3000 954 3070 nomina3
975 3000 1078 3071 quibus
1092 3002 1166 3061 adeo
1181 3003 1205 3061 si

204 3077 293 3150 ipsius
314 3083 421 3151 poetae
441 3082 586 3150 repugnat
604 3077 753 3148 ingenium
775 3082 805 3134 et
818 3076 935 3134 aliunde
950 3077 1116 3150 exploratus
1127 3095 1205 3152 usus,

204 3160 268 3214 utra
280 3155 375 3215 maior
389 3154 548 3213 auctoritas
562 3153 609 3227 sit,
623 3153 702 3211 illius
717 3169 754 3211 an
769 3152 867 3210 multis
877 3153 1001 3211 saeculis
1012 3156 1205 3227 posteriorum

204 3229 391 3303 Oriticorum,
416 3247 471 3304 per
489 3246 521 3290 se
540 3247 578 3289 ue
599 3229 795 3302 quaerendum
815 3229 931 3300 quidem
951 3231 997 3288 vel
1017 3230 1206 3290 dubitandum

204 3307 324 3368 uidetur.
365 3307 486 3368 Utinam
504 3306 590 3367 modo
609 3307 729 3380 singidis
749 3306 821 3366 locis
835 3312 991 3380 constaret,
1010 3308 1079 3380 quid
1092 3309 1204 3368 illorum

203 3386 323 3458 quisque
348 3385 459 3460 primus
484 3382 626 3443 invexerit
649 3385 679 3442 in
697 3388 824 3456 textum,
852 3389 882 3441 et
906 3384 1020 3455 qualem
1040 3400 1105 3443 eum
1124 3402 1205 3445 acce·

203 3462 277 3533 perit
297 3478 316 3521 a
335 3460 543 3534 superioribus.

275 3537 432 3598 Pertiuent
455 3537 511 3596 huc
536 3537 624 3596 etiam
650 3537 758 3610 integri
785 3535 902 3610 quidam
927 3553 1041 3611 versus,
1067 3556 1138 3612 quos
1158 3541 1204 3598 vel

204 3616 375 3687 optimorum
401 3614 607 3687 exemplarium
627 3614 805 3687 conspiratio
825 3629 845 3671 a
863 3614 1027 3688 suspicione
1047 3617 1203 3689 interpola·

205 3690 287 3750 tionis
316 3707 376 3752 non
403 3688 549 3750 defendat.
593 3691 640 3750 Ex
663 3692 718 3750 hoc
743 3702 863 3749 numero
888 3687 964 3749 inira
988 3691 1102 3764 plures,
1127 3706 1203 3748 nunc

205 3781 287 3829 unum
307 3767 430 3830 afferam
446 3766 571 3827 manime
589 3767 747 3828 notabilem
768 3768 801 3826 Il.
817 3785 841 3826 ν.
857 3767 932 3839 731,
952 3767 1002 3837 qui
1021 3767 1051 3825 in
1071 3766 1201 3827 omnihus

227 3870 317 3920 well,
332 3870 505 3918 Protogenen.
1046 3873 1063 3912 u
