3034 4434
624 505 804 560 -129—

217 655 288 729 quod
308 653 472 713 identidem
493 653 715 728 computandum
735 658 790 727 est,
815 653 840 712 si
860 652 936 714 forte
950 656 1136 730 exemplaria,
1156 658 1218 730 qui-

215 732 263 791 bus
283 731 433 804 utebatur,
460 731 570 791 mendis
590 731 741 803 inquinata
763 736 847 790 erant
867 737 898 790 et
917 733 1005 805 vitiis,
1031 734 1129 805 qualia
1147 751 1217 794 non·

213 810 287 868 nulla
306 808 406 882 paullo
428 813 496 868 ante
516 806 755 880 cognovimusw).
796 808 910 866 Numne
923 809 1013 882 igitur
1027 810 1217 871 absurdorum
1229 824 1268 865 aro

213 886 352 958 omniurn,
381 901 456 957 quae
482 884 649 944 Zenodotea
674 883 824 958 dicuntur,
849 902 924 943 unus
949 886 1031 945 nobis
1050 887 1216 948 Zenodotus

214 979 277 1022 reus
299 962 431 1035 agendus
453 963 528 1020 erit?

287 1039 329 1098 At
354 1039 541 1112 interpolavit
567 1039 630 1111 ipse
656 1037 813 1109 quaedam,
838 1039 1018 1111 mutavitque
1037 1046 1153 1113 poetam
1179 1041 1218 1101 ad

214 1116 365 1175 libidinem
396 1132 478 1174 suam
507 1120 536 1174 et
555 1114 670 1189 priscae
691 1115 831 1174 orationis
851 1131 1018 1188 morumque
1037 1117 1219 1178 heroicorum

215 1194 407 1251 luseientiam.
447 1193 481 1251 ld
501 1194 601 1264 utique
621 1197 759 1250 accusant
780 1191 973 1264 Scholiastae;
993 1210 1048 1252 neo
1067 1196 1218 1268 quisquam

181 1302 183 1306 ·
215 1269 343 1329 dubitet:
366 1270 422 1328 etsi
442 1286 582 1341 nusquam
602 1269 673 1327 satis
688 1269 878 1342 distinguunt,
899 1269 969 1341 quid
982 1271 1046 1343 ipse
1060 1272 1096 1330 de
1110 1290 1161 1332 suo
1175 1273 1217 1331 in-

213 1347 335 1417 vexerit,
351 1345 421 1419 quid
435 1347 502 1405 olim
516 1347 663 1420 vulgatum
676 1345 870 1418 iuveneritffi).
906 1345 1014 1406 Contra
1026 1346 1115 1406 iidem
1131 1365 1268 1422 quae-211

278 1527 315 1596 ⁷⁹)
335 1526 400 1593 Cap.
419 1524 558 1579 XXXVII.
577 1541 616 1593 sq.
652 1526 684 1578 In
702 1524 796 1593 primis
813 1524 867 1578 hue
884 1523 957 1578 refer
973 1523 1071 1578 menda
1089 1525 1218 1594 antiquis·

213 1597 293 1650 simae
313 1595 473 1663 scripturae,
492 1593 653 1648 continentis
672 1600 700 1646 et
712 1592 887 1661 imperfectae
900 1593 971 1646 notis
982 1592 1142 1662 Iltterarum,
1159 1600 1217 1648 tum

213 1663 386 1719 oscitationes
405 1661 575 1717 librariorum
594 1663 622 1714 in
641 1661 716 1716 codd.
737 1662 777 1720 εἰς
795 1662 895 1732 πράσιν
913 1677 965 1729 μεν
985 1661 1126 1725 αμμένοις,
1149 1677 1216 1729 quos

211 1732 305 1787 Strabo
330 1731 397 1785 dicit
412 1738 491 1786 noto
520 1729 578 1784 loeo
604 1729 680 1784 XIII.
704 1746 731 1797 p.
756 1732 814 1784 609.
838 1730 918 1795 (907.)
975 1728 1099 1782 osteriori
1124 1730 1217 1798 generi

211 1799 389 1855 adscribenda
407 1807 469 1853 sunt
486 1798 652 1852 hauddubie
671 1797 765 1865 multa,
795 1812 865 1864 quae
883 1810 918 1849 ex
935 1797 995 1850 aliis
1012 1795 1087 1849 libris
1104 1796 1132 1850 in
1150 1797 1216 1852 alios

211 1868 272 1923 olim
292 1868 433 1935 translata,
451 1882 523 1922 nuno
539 1867 668 1921 honorem
686 1867 817 1918 variarum
835 1867 968 1917 lectionum
986 1864 1114 1918 obtinent.
1141 1864 1215 1922 Prio-

211 1937 246 1990 ris
274 1943 338 1991 sunt
375 1936 567 1989 ermntationes
592 1935 732 2002 longarum
751 1939 779 1986 et
797 1933 918 1987 brevium
934 1932 1081 2003 vocalium,
1107 1933 1141 1988 de
1159 1934 1216 2002 qui·

212 2005 261 2060 bus
279 2022 305 2059 v.
325 2020 341 2058 a
382 2004 405 2058 λ.
427 2007 483 2058 104.
509 2002 533 2062 ξ.
553 2008 595 2058 45.
614 2022 639 2057 σ.
660 2007 716 2059 198.
735 2020 764 2070 φ,
785 2006 840 2058 127.
857 2020 885 2072 χ·
903 2004 962 2057 336.
979 2001 1026 2056 ubi
1043 2018 1068 2055 v.
1086 2000 1215 2058 Valcken.

212 2079 239 2128 et
256 2074 404 2128 varietates
421 2070 583 2139 huiusmodi,
600 2074 628 2134 μ’
647 2072 802 2141 εἰρόμενος,
819 2071 991 2141 μειρόμενος,
1009 2089 1034 2141 η.
1054 2072 1111 2126 127.
1129 2072 1163 2124 ef.
1181 2071 1216 2125 ad

212 2145 305 2197 1612.
335 2171 365 2181 -
386 2139 525 2210 ἐξελόμην,
545 2139 578 2199 ἓξ
594 2140 705 2208 ἑλόμην,
727 2158 742 2192 ι.
767 2143 823 2194 130.
851 2169 883 2178 -
909 2138 1052 2210 ἐξήλατον,
1071 2137 1215 2211 ἐξήλατον,

208 2229 236 2274 μ.
254 2214 315 2266 295.
335 2217 386 2264 ete.

277 2298 315 2365 ⁸⁰)
333 2295 531 2363 Nonnunquam
551 2293 590 2346 illi
608 2293 716 2362 quidem
737 2293 777 2347 ita
794 2293 951 2361 loquuntur,
969 2297 1000 2346 ut
1016 2292 1105 2360 ipsum
1116 2294 1145 2348 Z.
1164 2294 1216 2348 lee-

208 2365 312 2421 tionum
338 2379 447 2418 suarum
470 2367 608 2417 auctorem
638 2377 687 2416 seu
719 2361 920 2415 emendatorem
946 2359 1037 2415 faeere
1059 2361 1215 2428 videantur;

209 2447 403 2500 nonnunquam
427 2432 509 2485 etiam
531 2428 661 2499 perinde,
692 2430 771 2499 quasi
796 2428 935 2497 exemplar
958 2428 1016 2482 eius
1041 2427 1069 2482 in
1092 2428 1215 2482 manibus

209 2501 364 2556 habuerim.
400 2499 438 2554 Ut
460 2515 542 2569 quum
565 2496 600 2552 ad
619 2517 635 2552 ι.
656 2503 714 2552 131.
732 2504 852 2564 narrant,
871 2498 939 2553 duos
956 2511 1050 2550 versus
1067 2515 1090 2551 τ.
1108 2500 1213 2565 245.sq.
1235 2495 1246 2514 ⁹

208 2585 269 2624 eum
288 2569 328 2624 sie
344 2567 415 2622 male
433 2575 569 2622 correctos
586 2566 725 2634 exhibere,

309 2652 350 2707 Ἐνι
368 2655 400 2706 δ’
419 2650 484 2722 ἄγον
504 2653 573 2707 ἑπτὰ
590 2655 728 2721 γυναῖκας,
747 2651 873 2716 ἀμύμονα
891 2650 949 2720 ἔργ’
968 2649 1076 2716 εἰδυίας,

312 2721 352 2791 ἕξ,
371 2723 445 2793 ἀτὰρ
463 2722 620 2789 ἑβδομάτην
639 2718 774 2791 Βρισηΐδα
790 2719 985 2789 καλλιπάρῃον,

207 2810 301 2865 dieunt
319 2807 365 2875 ibi,
384 2813 412 2860 et
429 2805 523 2875 paneis
541 2805 601 2860 aliis
618 2805 692 2874 loeis,
716 2806 848 2874 γράφει
866 2803 1079 2876 Ζηνόδοτος,
1103 2803 1214 2858 instanti

206 2886 339 2946 tempore,
359 2875 435 2928 ouius
453 2874 589 2943 legitImus
607 2889 671 2929 usus
691 2873 778 2927 estin
796 2873 878 2943 libris
897 2873 943 2942 qui
960 2874 1044 2940 vulgo
1052 2872 1084 2927 in
1091 2872 1215 2928 manibus

207 2953 279 3000 sunt.
314 2944 358 2999 sio
376 2950 418 2996 est
436 2942 635 3013 Ζηνόδοτος
653 2941 722 3009 (cod.
742 2942 868 3011 σύνοδος)
888 2942 1095 3008 όποτάσσει,
1113 2957 1155 2996 ex.
1173 2958 1215 3010 gr.

206 3014 241 3069 ad
261 3034 284 3068 ν.
302 3016 361 3068 808.
380 3013 424 3066 oui
441 3011 531 3066 versui
548 3011 620 3065 huno
638 3010 751 3079 addidit,

364 3097 427 3168 Λίην
445 3097 502 3166 γάρ
521 3114 583 3165 σφιν
602 3100 683 3148 πᾶσιν
703 3097 827 3166 ἐκέκριτο
844 3096 954 3166 θάρσεϊ
966 3096 1066 3168 πολλῷ,

205 3191 236 3238 ut
255 3183 347 3238 versui
366 3181 390 3242 ξ.
411 3185 467 3236 136.
485 3182 565 3249 hunc,
584 3197 670 3250 aeque
689 3182 820 3250 ineptum,

414 3266 538 3337 Ἀντιόέιρ
560 3263 667 3330 Φοίνικι,
687 3268 787 3319 ότοίονι
804 3265 966 3336 Πηλείωνας.

205 3355 250 3410 vel
269 3354 437 3424 πεποίηκε
454 3354 494 3420 Ζ,
512 3360 544 3406 ut
557 3371 585 3424 χ.
604 3355 664 3407 378.
683 3368 763 3420 quem
782 3353 820 3408 sle
837 3353 912 3422 legit,

364 3437 483 3508 Ἀτρείδη
501 3456 532 3491 τε
552 3439 595 3490 καὶ
613 3436 685 3491 ἄλλοι
705 3441 837 3509 ἀριστῆες
854 3438 1026 3513 Παναχαιῶν,
1133 3486 1135 3491 ,

206 3527 250 3582 vel
275 3526 438 3595 τέταχεν,
463 3530 493 3577 ut
518 3527 540 3576 δ.
561 3529 617 3579 123.
651 3526 694 3579 oui
721 3541 799 3594 eum,
824 3527 870 3595 qui
894 3527 986 3582 ordine
1008 3526 1145 3596 proximus
1163 3531 1213 3594 est,

206 3610 274 3664 prae
295 3593 378 3659 osuit,
402 3599 433 3645 ut
458 3591 481 3650 ξ.
500 3597 559 3648 394.
578 3609 657 3660 quem
676 3610 736 3648 cum
755 3603 884 3661 sequente
902 3603 965 3663 post
982 3600 1040 3650 399.
1059 3593 1212 3647 collocavit:

208 3663 251 3716 vel
270 3611 385 3729 (fenique
403 3663 643 3730 μετέγραφεν,
669 3668 700 3716 ut
723 3663 808 3716 Catal.
835 3668 891 3717 188.
910 3667 991 3731 (681.)
1018 3663 1093 3717 culus
1112 3661 1171 3716 loeo
1190 3663 1213 3716 si

208 3728 394 3785 Zenodoteum
412 3729 571 3799 legeremus,
589 3746 640 3798 per
658 3747 686 3785 se
705 3731 813 3786 minime
831 3733 939 3799 malum,

235 3826 323 3875 Woll,
336 3825 504 3874 Prolegomona.
1011 3825 1016 3834 '
1046 3830 1058 3869 3

1271 3830 1300 3935 l
