3034 4434
641 543 821 602 ..47-

239 697 365 757 haecest
378 696 487 756 dehac
502 696 672 770 quaestione
686 697 844 756 auctoritas
858 696 977 772 diserta,
999 698 1096 758 sedeo
1110 700 1234 772 gravior,

238 775 307 846 quod
328 754 441 848 scripta
462 779 510 833 est
530 773 668 832 adversus
690 774 886 832 doctissimum
904 777 1094 849 interpretem
1106 777 1235 849 Homeri,

235 858 260 911 et
277 869 363 912 nemo
384 857 518 909 veterum
545 856 640 909 exstat
666 850 798 909 diversae
818 859 876 909 seu
890 853 1053 912 contrariae
1073 854 1235 912 sententiae

237 927 376 987 defensor.
418 928 527 1000 Quare,
547 934 693 1000 utcunque
707 929 820 998 reliqua
832 926 904 987 fides
917 930 1033 1003 Iosephi
1046 931 1235 1002 existimetur,

239 1007 314 1066 lucus
335 1006 386 1063 ille
406 1009 521 1063 tantum
541 1004 664 1076 valebit,
690 1010 829 1075 quantum
848 1008 1002 1080 perspicua
1021 1007 1111 1066 verba
1129 1008 1234 1065 valent.

238 1083 371 1155 Denique
391 1081 516 1140 accessit
530 1082 558 1139 ei
570 1097 663 1153 nuper
677 1080 853 1140 scholiastes
867 1082 1035 1156 quideme),
1055 1083 1171 1142 adiutor
1184 1085 1235 1141 mi-

233 1161 304 1218 nime
325 1159 430 1232 dignus
451 1159 502 1216 ille
522 1159 676 1231 mentione,
696 1159 752 1216 nisi
771 1161 967 1219 narrationem
987 1177 1068 1219 suam
1083 1177 1118 1218 ex
1131 1161 1235 1219 iisdem

237 1236 438 1296 Alexandrinis
452 1235 583 1307 reliquiis
598 1235 782 1307 sublegisset,
796 1235 927 1294 vitiatam
939 1253 1005 1296 mox
1018 1235 1133 1296 fabellis
1147 1238 1235 1296 serio—

237 1331 296 1372 rum
312 1313 583 1373 Grammaticornm.
609 1312 655 1370 Ex
668 1312 792 1385 Iosepho
807 1313 881 1370 enim
901 1314 965 1373 illos
987 1331 1051 1373 eam
1070 1331 1127 1374 non
1139 1331 1235 1389 sump

238 1393 308 1450 sisse
327 1388 514 1449 manifestmn
535 1394 588 1447 est.
621 1387 756 1447 Ceterum
777 1396 914 1461 quantum
927 1390 1111 1449 tribuendum
1131 1392 1170 1449 sit
1183 1393 1235 1449 tali

241 1468 346 1547 iudicio
360 1473 502 1538 veterum,
522 1483 575 1540 pro
589 1482 622 1524 se
636 1466 757 1538 quisque
771 1466 927 1539 expendat:
948 1468 1018 1525 mihi
1032 1469 1088 1525 etsi
1101 1468 1234 1539 gravissi-

233 1561 304 1603 mum
313 1544 431 1603 videtur
443 1544 551 1617 partim
564 1559 618 1616 per
630 1558 672 1614 se,
691 1543 798 1615 partim
811 1544 880 1614 quia
891 1544 948 1602 illis
961 1545 1047 1616 plura
1059 1544 1232 1603 Homericae

239 1623 325 1681 aetati
346 1622 480 1696 proxima
494 1620 629 1679 Carmina
648 1621 678 1676 in
696 1619 828 1678 manibus
843 1628 934 1693 erant,
954 1621 984 1677 in
996 1621 1051 1678 hac
1064 1622 1233 1692 quaestione

238 1699 411 1772 praeiudicii
438 1698 537 1771 potius
558 1697 763 1769 quam'iudicii
788 1697 852 1756 loco
878 1703 949 1756 esto.
994 1698 1134 1768 Quoniam
1158 1699 1234 1754 enim

238 1778 311 1850 ipsos
332 1792 436 1835 versus
456 1775 610 1846 habemus,
638 1775 667 1831 in
694 1773 798 1846 quibus
826 1779 906 1833 vates
930 1774 967 1832 de
993 1775 1146 1846 scriptoria
1170 1782 1233 1832 arte

238 1859 284 1911 aut
303 1854 392 1911 silere
425 1856 477 1910 aut
501 1852 604 1910 testari
624 1856 753 1925 putatur,
774 1857 869 1910 utrum
889 1867 988 1909 verum
1008 1851 1063 1923 sit,
1091 1866 1126 1908 ex
1146 1851 1233 1909 certis

235 1929 441 2004 interpretandi
461 1928 576 2001 legibus
598 1928 759 1986 diiudicare
778 1936 907 1988 nostrum
927 1934 980 1986 est.

679 2127 785 2202 XIX.

310 2299 351 2357 At
371 2303 528 2357 occurrunt
547 2298 629 2362 nobis
648 2299 786 2371 nonnulli,
806 2299 940 2373 opposita
953 2298 1072 2371 ancipiti
1085 2297 1113 2354 vi
1126 2296 1234 2356 silentii
1246 2313 1272 2352 ro

237 2375 339 2434 inhoc
357 2375 497 2434 historico
523 2391 639 2447 genere.
678 2378 712 2434 ln
738 2393 794 2449 quo
819 2377 868 2434 isti
894 2392 964 2433 sane
991 2375 1091 2432 dicunt
1115 2373 1233 2444 aliquid,

236 2452 284 2510 sed
303 2468 362 2512 non
380 2457 502 2523 tantum,
523 2459 660 2524 quantum
680 2453 735 2512 sibi
748 2453 884 2511 videntur
896 2452 1003 2508 dicere.
1023 2451 1078 2507 Est
1089 2449 1168 2507 haud
1182 2449 1233 2505 du·

235 2527 279 2586 bie
295 2530 444 2587 silentium
461 2529 605 2600 quoddam
620 2530 726 2588 nullius
742 2530 879 2588 momenti
894 2528 963 2585 etin
978 2533 1110 2584 neutram
1119 2530 1233 2597 partem

238 2605 423 2676 trahendum3
443 2613 544 2665 contra
561 2606 640 2665 aliud
651 2614 696 2665 est
706 2613 841 2678 argutum
852 2611 890 2677 et,
908 2609 941 2661 ut
949 2605 992 2661 ita
1002 2603 1105 2673 dicam,
1125 2602 1232 2672 vocale,

239 2683 314 2753 quod
334 2683 359 2740 si
379 2699 436 2742 non
448 2689 630 2756 expugnatur
644 2683 789 2741 diversum
802 2681 972 2741 testantium
985 2680 1167 2748 auctoritate,
1187 2679 1233 2736 vel

238 2775 279 2832 ea,
301 2775 377 2831 qnae
397 2775 496 2818 omnes
516 2761 641 2818 omnium
662 2761 851 2819 auctoritates
871 2757 988 2830 frangit,
1008 2757 1129 2828 ratione,
1154 2755 1232 2829 apud

241 2837 495 2909 prudentissimum
521 2852 662 2909 quemque
683 2853 798 2911 semper
816 2838 969 2910 plurimum
989 2834 1088 2893 valuit.
1126 2834 1232 2892 Iamsi

234 3000 327 3061 μάτων
346 2998 464 3081 ὕστερον
484 2999 660 3065 συντεθῆναι,
679 2997 722 3048 καὶ
740 2996 784 3048 διὰ
801 2999 884 3048 τοῦτο
901 2995 1001 3054 πολλὰς
1017 2994 1046 3045 ἐν
1065 2993 1136 3064 αὐτῇ
1191 2996 1230 3047 εῖν

234 3068 278 3128 τὰς
296 3068 340 3119 δια
363 3084 445 3125 ωνιας
482 3066 611 3120 Tirenum
629 3065 717 3132 gratia
734 3081 795 3118 cum
807 3065 928 3118 Meriana
940 3063 1086 3117 notandum
1099 3070 1147 3130 cst,
1168 3065 1174 3074 '
1195 3063 1232 3115 ud

236 3136 316 3203 φασὶν
337 3085 370 3188 Xe
388 3134 469 3188 rebus
486 3134 529 3188 vel
547 3133 703 3187 certissimis
720 3132 845 3200 usurpari
864 3133 980 3193 infame
997 3133 1098 3183 minime
1115 3132 1233 3197 obsmra,

236 3219 288 3258 non
323 3202 356 3257 de
381 3202 422 3270 iis,
441 3217 509 3269 quae
534 3218 551 3255 a
573 3202 709 3255 nonnullis
738 3201 794 3254 sive
840 3200 913 3254 aucis
936 3199 1086 3253 traduntur.
1127 3199 1232 3253 Dahis

236 3271 341 3326 Graece
361 3277 402 3325 est
419 3271 501 3339 φασὶν
521 3269 602 3335 ἔνιοι,
627 3273 695 3338 φασί
711 3287 790 3329 τινες.
851 3269 928 3323 adem
949 3269 1018 3322 ratio
1037 3272 1078 3320 est
1095 3267 1155 3320 Lat.
1174 3282 1231 3320 ver·

236 3337 332 3393 borum
350 3342 448 3400 dicunt,
465 3342 563 3405 ferunt,
582 3341 699 3405 trudunt,
715 3339 857 3404 perhibent.
885 3336 979 3404 Neque
998 3351 1062 3390 vero
1080 3351 1168 3403 perse
1180 3335 1232 3388 hoc

233 3409 348 3461 multum
365 3407 478 3475 proficit.
514 3407 600 3474 Quam
617 3406 702 3460 multa
719 3405 843 3473 perhibet
861 3405 939 3469 fama,
956 3420 1069 3474 quorum
1087 3403 1231 3457 falsitatem

235 3477 306 3529 ratio
323 3482 352 3529 et
368 3484 424 3528 tres
441 3480 525 3529 testes
544 3474 669 3529 doceant!
1173 3497 1186 3520 0

321 3561 356 3628 39)
382 3560 425 3614 Ad
442 3561 552 3630 Dionys.
570 3559 682 3614 Thracis
700 3560 815 3615 Gramm.
834 3558 997 3627 ap.vi110is.
1016 3557 1116 3611 Anecd.
1135 3555 1180 3609 Gr.
1199 3554 1229 3606 T.

232 3630 391 3697 II.p.182.
420 3626 464 3682 Ἦν
491 3630 560 3698 γὰρ,
591 3627 628 3687 ὥς
656 3647 754 3696 φασιν,
785 3628 940 3690 ἀπολόμενα
969 3627 1003 3679 τὰ
1030 3629 1077 3678 τοῦ
1103 3622 1230 3691 Ὁμήρου·

232 3694 1120 3834 {irritatattrectatum,ittet

362 3804 370 3829 θ
934 3803 940 3816 ι
976 3800 983 3814 a
1019 3799 1025 3813 ο
