3034 4434
658 544 838 598 ..55-

690 813 796 896 XXI.

319 965 405 1024 Haec
425 963 522 1023 omnia
542 963 680 1036 colligata
699 962 779 1021 inter
799 978 840 1034 se,
862 962 941 1020 etin
961 979 1018 1021 uno
1032 969 1189 1036 conspectu
1201 981 1252 1037 po
1265 979 1289 1018 ar

250 1043 310 1115 sita,
330 1059 401 1101 num
420 1039 544 1100 fortuita
563 1041 679 1099 silentia
700 1036 788 1099 sunt?
808 1056 846 1097 an
865 1040 899 1112 is,
921 1039 970 1110 qui
984 1040 1026 1098 ita
1040 1041 1115 1113 silet,
1135 1041 1253 1113 loquen-

248 1121 283 1178 tis
309 1127 340 1178 et
368 1119 447 1179 clare
472 1118 608 1177 testantis
629 1133 784 1190 personam
810 1117 907 1189 gerit?
946 1115 1021 1174 Mihi
1042 1117 1172 1189 quidem,
1198 1119 1253 1177 etsi

249 1213 303 1256 non
323 1213 388 1255 sum
406 1195 492 1254 nimis
513 1194 657 1268 credulus,
677 1195 728 1253 illa
741 1210 795 1268 per
809 1210 840 1252 se
854 1194 940 1266 plane
954 1194 1173 1267 persuaderent,
1193 1195 1254 1253 vul-

230 1290 346 1346 ,gesem
367 1279 466 1332 autem
486 1273 649 1346 opinionem
674 1269 833 1330 defendere
854 1272 1070 1330 dementissima
1090 1273 1253 1345 pervicacia

249 1351 404 1410 videretur.
424 1349 465 1408 At
480 1357 573 1422 erunt,
594 1349 705 1423 opinor,
728 1350 778 1420 qui
799 1348 907 1420 dicant,
922 1345 997 1406 effici
1010 1350 1127 1420 quidem
1141 1366 1177 1408 ex
1186 1350 1252 1423 illis,
1266 1363 1292 1403 aa

250 1434 281 1486 ut
304 1428 423 1486 litterae
450 1427 496 1486 vel
523 1427 745 1486 obscurissimae
768 1427 813 1484 vel
833 1442 953 1499 prorsus
974 1427 1125 1498 ignoratae
1145 1426 1253 1485 fuerint

250 1504 380 1565 Troianis
400 1504 593 1578 temporibus,
618 1521 675 1562 non
695 1504 766 1562 item
786 1503 853 1574 hoc,
886 1507 919 1560 ut
942 1509 1024 1561 vates
1050 1503 1162 1563 duobus
1188 1512 1254 1577 post

251 1583 371 1641 saeculis
391 1582 456 1655 ipse
477 1597 589 1653 quoque
604 1581 774 1639 illitteratus
786 1577 884 1638 fuerit.
911 1580 1081 1639 Extremam
1094 1581 1168 1640 hauc
1181 1582 1253 1641 late·

250 1659 329 1718 hram
356 1660 382 1718 si
402 1659 553 1718 obstruere
577 1659 695 1731 vellem,
722 1674 841 1716 necesse
863 1657 1000 1715 haberem
1021 1658 1136 1730 longam
1157 1658 1254 1732 dispu-

250 1738 387 1796 tationem
406 1735 521 1809 ingredi
541 1735 577 1794 de
598 1736 674 1795 omni
696 1736 820 1808 ratione,
843 1751 901 1806 qua
914 1735 1057 1792 Homerus
1077 1735 1107 1792 in
1126 1735 1254 1807 descrip-

251 1815 325 1874 tione
345 1813 481 1873 heroicae
502 1812 581 1872 vitae
594 1813 708 1872 versari
723 1812 806 1871 solet.
842 1813 908 1871 Non
923 1811 997 1869 enim
1011 1811 1089 1885 apud
1103 1812 1184 1869 illum
1197 1813 1253 1870 nisi

250 1891 291 1949 bis
311 1897 394 1950 terve
413 1891 468 1950 hoc
488 1906 579 1964 genus
599 1891 714 1963 reperio
735 1888 871 1947 eruditae
885 1890 967 1962 artis,
989 1888 1065 1960 quod
1079 1895 1184 1961 poetae
1195 1891 1253 1948 cul-

251 1969 354 2028 tiorum
380 1972 509 2027 aetatum
529 1967 680 2040 affectant,
707 1983 795 2038 quum
817 1967 999 2039 superiormn
1019 1965 1151 2026 fabulosa
1172 1972 1255 2040 gesta

254 2061 355 2105 scenae
372 2044 531 2104 reddentes
545 2052 649 2105 cavent
661 2044 773 2117 sedulo,
787 2060 823 2102 ne
833 2045 959 2117 priscam
968 2045 1165 2103 sinceritatem
1174 2046 1255 2104 novis

252 2123 376 2183 moribus
397 2119 539 2194 infucent,
568 2139 624 2194 quo
649 2120 763 2180 facilius
789 2121 946 2180 lectoribus
967 2123 1013 2181 vel
1033 2123 1254 2196 spectatoribus,

252 2206 370 2274 propter
390 2199 572 2272 antiquitatis
592 2201 729 2273 peritiam
750 2198 926 2272 incredulis,
957 2200 1120 2274 imponant,
1148 2216 1254 2272 eosque

252 2277 336 2337 rebus
357 2293 392 2336 ac
411 2277 558 2351 personis,
585 2278 688 2349 quibus
709 2276 904 2335 cummaxime
924 2278 1036 2351 volunt,
1064 2278 1205 2336 interesse
1226 2284 1256 2335 et

252 2473 288 2528 les
314 2472 506 2541 compilatenrs
528 2470 680 2526 d’Homere.
726 2471 962 2525 Non-seulement
985 2472 1053 2526 dans
1083 2473 1107 2527 le
1131 2478 1203 2526 reste
1221 2471 1255 2526 de

251 2541 353 2596 l‘Iliade
372 2558 407 2596 on
424 2540 481 2595 voit
497 2555 552 2609 peu
569 2540 602 2594 de
621 2547 708 2596 traces
724 2539 757 2593 de
769 2545 813 2594 cet
823 2545 879 2593 art:
898 2544 942 2607 (ne
955 2540 1068 2610 mireris,
1087 2541 1255 2610 quodpcaca

251 2611 364 2680 vestigia
383 2609 448 2664 dicit
467 2624 534 2678 esse,
552 2625 622 2678 quae
640 2612 715 2662 nulla
735 2615 814 2676 sunt;
830 2610 870 2662 ita
886 2608 1043 2677 loquuntur,
1061 2611 1173 2678 quinon
1188 2610 1255 2664 certi

252 2685 311 2733 sunt
323 2679 474 2733 sententiae
484 2693 549 2731 suae
557 2682 574 2746 ι)
592 2677 660 2732 mais
669 2677 738 2745 j'ose
752 2692 869 2731 avancer
878 2693 930 2746 que
941 2684 1016 2732 toute
1029 2677 1166 2748 l’Odyssee
1183 2681 1255 2733 n'est

252 2749 331 2817 qn'un
348 2747 417 2802 tissu
434 2746 468 2801 de
485 2745 584 2800 betises
603 2753 631 2799 et
648 2746 792 2814 d'inepties
811 2747 909 2815 qu'une
927 2746 1008 2800 lettre
1018 2762 1053 2801 on
1063 2747 1134 2802 deux
1147 2753 1255 2801 eussent

251 2816 339 2872 reduit
352 2831 387 2871 en
396 2814 493 2880 fumea,
511 2830 547 2868 au
555 2814 610 2870 lieu
623 2817 704 2884 qu’on
718 2814 786 2868 rend
796 2830 826 2868 ce
839 2820 935 2881 poema
945 2816 1114 2870 raisonnable
1129 2823 1156 2870 et
1169 2819 1254 2870 meme

251 2900 324 2940 assez
341 2884 405 2938 bien
423 2882 541 2951 conduit‚
560 2899 593 2938 en
613 2889 764 2952 supposant
782 2897 834 2952 que
853 2898 895 2937 ses
913 2884 993 2938 beros
1006 2885 1080 2938 aient
1097 2885 1191 2953 ignore
1209 2885 1254 2940 l'e·

252 2954 358 3008 oriture.
394 2952 422 3006 Si
446 2951 549 3005 l'Iliade
573 2954 620 3005 elit
638 2953 681 3006 ete
700 2952 793 3020 ecrite,
821 2953 872 3006 elle
884 2954 930 3005 elit
949 2955 992 3008 ete
1010 2952 1150 3022 beaucoup
1168 2955 1255 3009 moins

251 3013 373 3090 chantee,
390 3021 430 3074 les
439 3020 601 3089 Rhapsodes
610 3028 718 3075 eussent
737 3022 780 3075 ete
791 3021 877 3075 moins
887 3022 1047 3076 recherches
1060 3030 1124 3077 etse
1137 3022 1254 3076 seroient

250 3091 335 3146 moins
351 3089 506 3159 multiplies.
541 3090 639 3143 Aucun
657 3096 734 3143 autre
753 3090 837 3144 Poeta
855 3092 901 3143 n’a
918 3092 961 3144 ete
979 3091 1048 3145 ainsi
1066 3093 1163 3145 charte
1191 3091 1254 3146 sice

250 3161 316 3214 n'est
334 3159 361 3213 le
378 3159 462 3212 Tasse
481 3159 498 3212 a
515 3156 627 3225 Venise;
650 3173 747 3213 encore
765 3162 878 3214 n'est-ce
897 3174 950 3226 que
968 3160 1076 3228 parles
1094 3132 1254 3214 Gondoliers

250 3228 295 3296 qui
312 3243 347 3281 ne
365 3233 427 3282 sont
444 3241 494 3296 pan
512 3226 611 3294 grands
635 3226 758 3280 lecteurs.
788 3259 819 3268 -
849 3227 903 3281 Les
920 3228 1033 3283 Poemes
1051 3228 1195 3283 d'Homere
1213 3243 1254 3282 re-

249 3297 350 3352 sterent
368 3294 513 3364 long-tems
531 3295 612 3350 eorits
629 3296 779 3350 seulement
797 3297 863 3351 dans
880 3295 907 3350 la
923 3299 1050 3352 memoire
1063 3297 1253 3363 deshommes3

249 3365 281 3421 ils
298 3364 391 3420 iurent
408 3363 569 3418 rassembles
593 3379 644 3432 par
667 3365 736 3418 ecrit
758 3380 835 3419 asser
853 3365 915 3419 tard
933 3371 961 3419 et
978 3381 1044 3420 avec
1061 3367 1201 3433 beaucoup
1219 3364 1253 3418 de

249 3434 335 3503 peine.
372 3433 411 3488 (le
428 3432 471 3486 fut
489 3432 579 3501 quand
595 3433 623 3487 la
641 3433 729 3488 Grece
748 3449 903 3501 commenda
921 3433 1069 3489 d'abonder
1087 3450 1120 3488 en
1136 3434 1217 3488 liures
1226 3438 1254 3486 et

250 3519 282 3557 en
298 3502 393 3572 poesie
412 3501 509 3570 ecrite,
532 3517 584 3571 que
608 3507 668 3557 tout
691 3502 717 3555 le
741 3502 849 3557 charme
878 3503 911 3557 de
930 3503 996 3557 celle
1015 3502 1159 3557 d'Homere
1177 3517 1205 3554 se
1223 3501 1255 3554 fit

250 3571 332 3626 sentir
349 3587 403 3642 par
424 3570 618 3638 comparaison
654 3570 708 3625 Les
727 3578 820 3626 autres
837 3572 935 3627 Poetes
953 3572 1113 3638 ecrivoient,
1136 3569 1253 3622 Homero

250 3641 305 3696 seul
322 3641 399 3697 croit
417 3639 524 3707 charite,
542 3644 633 3694 et‘ces
651 3639 747 3693 chants
766 3640 854 3695 divins
871 3644 946 3695 n¹ont
964 3642 1037 3693 cesse
1047 3639 1131 3692 d’etre
1144 3639 1254 3691 ecoutes
1336 3706 1339 3710 Δ

250 3725 313 3766 avec
330 3709 510 3766 raviasement
527 3722 579 3776 que
598 3708 688 3776 quand
700 3708 830 3789 l'Europe
848 3711 914 3762 s'est
932 3712 1057 3762 converte
1070 3705 1103 3759 de
1114 3704 1253 3784 barbarea,

223 3807 225 3810 ·
251 3779 294 3848 qui
311 3795 341 3835 se
361 3783 424 3834 sont
441 3775 526 3831 meles
545 3776 578 3831 de
594 3775 677 3845 juger
693 3792 724 3831 ce
744 3779 824 3846 qu'1ls
842 3793 876 3831 ne
893 3775 1165 3846 pouvoient·sent1r.u
