3034 4434
723 354 901 409 ...154-

263 515 301 558 asr
315 504 392 563 circa
411 504 436 562 si
456 518 492 562 ex
510 503 568 561 illis
585 503 723 576 exemplis
736 503 807 562 solis
820 500 1010 576 spectandum
1021 500 1104 560 nobis
1118 506 1200 560 asset
1211 499 1313 561 critici

313 580 399 640 huius
412 580 566 652 ingenium,
591 579 671 638 locus
692 585 770 638 00000
792 577 926 650 numdi,
952 577 1023 650 quid
1041 578 1070 636 ei
1089 593 1219 650 unquam
1238 578 1314 652 apud

315 656 415 716 doctos
434 657 562 717 homines
582 662 693 715 tantam
706 656 828 715 nominis
849 655 970 729 gloriam
990 652 1171 714 coniecisset
1212 655 1313 728 Neque

268 742 272 751 “
314 749 383 793 vero
402 750 450 791 res
471 749 507 791 ex
525 733 646 792 totidem
665 732 748 793 bonis
762 733 936 792 coniecturis
949 732 1027 792 illins
1039 732 1167 804 intelligi
1181 733 1255 791 satis
1270 750 1317 807 po-

314 815 382 883 test,
401 811 509 884 quippe
529 826 615 881 quum
636 825 743 881 earum,
765 825 840 881 quae
859 808 1023 881 traduntur,
1042 809 1122 866 nulla
1142 824 1177 867 eo
1193 810 1316 868 emineat

315 887 454 959 acumine,
473 887 549 959 quod
567 884 786 947 infelicioribus
800 888 892 945 nostri
905 886 1044 959 temporis
1059 885 1176 944 criticis
1190 885 1313 945 admira·

264 963 430 1035 00010036).
472 965 568 1036 Quare
586 962 730 1024 fateamur
749 964 882 1035 ingenue,
909 961 1049 1035 quidquid
1068 961 1198 1034 undique
1219 979 1313 1023 coma·

317 1156 349 1212 dr
365 1179 446 1230 φησιν
465 1161 588 1230 Ἀρίσταρ
607 1161 827 1219 mortariorum
846 1158 925 1219 εἶναι,
944 1157 1024 1229 εἴπερ
1041 1158 1128 1218 οὕτως
1146 1159 1311 1227 ἐγέγραπτο,

309 1225 435 1298 Ἕκτορος
451 1226 473 1301 ᾧ
492 1230 525 1299 δὴ
544 1178 624 1287 sada
640 1226 777 1293 Ὀλύμπιος
792 1228 873 1287 αὐτὸς
891 1228 996 1287 ὀπάζει,
1015 1233 1043 1281 et
1060 1226 1096 1280 ad
1112 1246 1140 1282 π.
1159 1226 1315 1292 03011μο0

318 1317 364 1351 ναν
394 1297 523 1382 ἂνπῖχε,
547 1295 633 1376 Ιςιομτὶν
657 1297 884 1377 011ριάιαρχοςἸ
915 1297 941 1348 εἰ
965 1297 1132 1365 ἐγέγραπτο,
1161 1295 1256 1361 βοῶν
1279 1293 1315 1375 ad

317 1386 479 1491 A..
496 1365 1172 1502 01000010οι
1183 1371 1316 1487 cn.

316 1503 404 1558 tiones
421 1519 574 1558 annumero.
596 1501 624 1555 θ.
637 1505 695 1556 233.
707 1504 809 1556 iactant
822 1501 918 1556 Graeor
935 1508 1007 1556 mter
1016 1500 1122 1570 pocula,
1141 1515 1317 1569 unumquem-

317 1587 370 1641 que
397 1588 461 1628 suae
484 1571 572 1641 gentis
598 1570 683 1624 solum
701 1585 762 1626 cum
782 1573 832 1625 100
848 1570 892 1623 vel
909 1573 962 1624 000
978 1570 1102 1624 Troianis
1119 1586 1315 1636 σοορκοιοτιιιι

317 1658 369 1694 aare
392 1642 420 1692 in
436 1642 539 1707 proelio.
576 1638 646 1692 llam
668 1639 741 1693 hunc
764 1654 871 1692 sensum
888 1638 990 1693 habent
1007 1638 1102 1707 verba,
1129 1635 1199 1690 ἄνθ’
1217 1637 1313 1690 ἑκατόν

317 1726 349 1762 τε
368 1709 508 1779 διηκοσίων
527 1725 568 1768 τε,
586 1709 602 1759 1.
616 1723 639 1760 0.
652 1701 721 1760 ὄντα
738 1706 846 1760 adverb.
864 1722 915 1774 pro
933 1723 986 1774 quo
1004 1722 1086 1775 saepe
1103 1705 1195 1759 ἀντίον
1208 1721 1230 1762 a.
1239 1705 1316 1758 ἀντία

318 1776 422 1831 dicitur.
459 1775 512 1830 Sed
533 1776 601 1828 haec
617 1775 775 1829 Aristarcho
798 1775 881 1828 nimia
897 1774 1041 1829 ridebatur
1058 1774 1205 1842 iactantia,
1229 1774 1271 1829 rel
1286 1772 1315 1826 in

318 1843 406 1910 ebriis,
425 1844 534 1911 soloque
551 1849 645 1897 tenore
663 1844 769 1897 abiecto
787 1844 912 1912 correxit,
931 1844 1028 1897 leniter
1046 1843 1158 1911 scilicet,
1175 1839 1314 1911 000310.

318 1911 381 1963 ἀντί
395 1927 528 1978 praepos,
546 1916 577 1963 ut
593 1911 740 1965 modestius
755 1911 930 1981 minarentur,
947 1911 1029 1966 verbo
1047 1918 1134 1979 tenus,
1152 1928 1316 1977 0000000000-

318 1997 366 2046 que
389 1982 442 2032 200
464 1981 632 2032 Troianorum
654 1980 833 2048 fortitudinem
849 1992 1034 2048 aeqtmtaram,
1058 1981 1180 2049 ἰσοβαρῆ
1194 1978 1315 2032 ’ἕκαστον

317 2048 485 2118 γενήσεσθαι
510 2049 606 2100 ἑκατὸν
631 2049 648 2118 ἢ
671 2048 826 2101 διακοσίων.
868 2049 922 2104 Hic
944 2054 972 2102 et
995 2049 1087 2102 multis
1113 2049 1174 2102 aliis
1200 2048 1268 2102 locis
1284 2061 1317 2102 ex

319 2115 405 2173 Schol.
423 2116 510 2170 lucem
527 2115 626 2184 accipit
642 2116 767 2185 Apollon.
785 2117 852 2171 Lex.
869 2135 894 2172 r.
914 2118 982 2172 ἀντί.
1002 2117 1031 2172 0.
1043 2120 1102 2174 417.
1119 2115 1236 2184 pluralis
1253 2119 1317 2186 νῆας

319 2184 454 2253 displicuit
465 2185 630 2255 Aristarcho,
648 2185 712 2253 quia
728 2186 807 2240 modo
826 2186 927 2240 dictum
939 2191 1017 2240 esset.
1038 2184 1082 2239 Τὼ
1095 2185 1125 2238 δὲ
1140 2189 1220 2254 μιῆς
1237 2182 1317 2254 περὶ

320 2255 397 2324 νηὸς
420 2253 481 2325 ἔχον
504 2254 598 2328 πόνον;
631 2255 692 2308 ideo
716 2254 824 2322 scripsit
848 2259 911 2323 νῆα.
952 2252 983 2310 Ω.
1008 2258 1068 2310 636.
1092 2253 1182 2307 eidam
1205 2253 1316 2308 verbum

318 2324 492 2393 ταρπώμεθα
508 2323 577 2376 male
595 2323 737 2376 convenire
755 2321 897 2377 videbatur
913 2323 1038 2377 fortunae
1056 2322 1164 2389 Priami,
1188 2321 1316 2376 correxit-

319 2407 370 2460 que
388 2392 567 2459 παυοώμεο0,
603 2391 657 2445 uod
674 2390 771 2444 deinde
788 2397 927 2458 receptum
945 2397 987 2445 est
1004 2391 1130 2445 amultis.
1160 2392 1199 2443 At
1217 2389 1318 2443 nullum

318 2461 376 2514 eius
393 2476 506 2514 acumen
523 2460 584 2528 frig*
606 2461 646 2512 ‘us
665 2466 714 2522 est,
731 2475 812 2526 quam
828 2459 904 2528 illud,
926 2459 1066 2529 explosum
1083 2458 1195 2527 abipso
1213 2457 1310 2512 Eusta-

318 2527 490 2596 00100860.
509 2535 537 2581 00
555 2531 660 2594 5148,
678 2528 724 2581 ubi
733 2527 852 2581 Martem
870 2534 898 2581 et
914 2527 1072 2596 Neptunum
1089 2543 1143 2581 non
1154 2534 1186 2579 ut
1197 2527 1318 2598 ἐννεαχί·

319 2595 382 2654 10ος
399 2598 416 2665 ἢ
435 2597 590 2677 δεκαγίλους
606 2596 748 2650 vociferari
765 2596 880 2664 volebat,
899 2595 947 2648 sed
964 2604 997 2649 nt
1012 2595 1197 2718 ἐνντῑιγείλοιις
1214 2596 1318 2664 adem·

315 2663 423 2741 χεζλοος
465 2665 514 2718 Cur
532 2667 701 2744 coniecturae
720 2664 862 2744 simillima·
871 2670 914 2718 est
924 2665 977 2718 ista
988 2665 1016 2717 in
1028 2665 1078 2717 Pin
1098 2706 1105 2718 .
1117 2663 1195 2732 Pyd.
1205 2663 1258 2732 111,
1269 2665 1318 2726 70,

319 2729 476 2813 0100001000,
493 2734 529 2787 ab
540 2733 665 2812 Apolhne
685 2732 750 2786 iactr
768 2732 949 2800 grandrtatem
966 2733 1087 2812 horrens,
1104 2748 1154 2800 pro
1166 2732 1274 2811 βάματι
1286 2732 1314 2782 ἐν

319 2817 420 2920 affirm
442 2810 559 2881 curremt
582 2802 687 2881 βάματι
713 2802 742 2852 ἐν
769 2802 894 2880 τριτάτῳ.
931 2801 1121 2880 Praetermrtto
1140 2800 1207 2854 ahos
1225 2813 1317 2854 versas

319 2883 348 2988 {i
366 2874 471 2990 10311
478 2869 1248 3006 10010111·ἲῆῗὲἷῇΤῗὸέῗᾝέἶᾷἰ1ῗεὶἶοοἳζῗῗὲῗάῖ
1257 2872 1318 3004 ἓὶξῑ

320 3007 391 3124 ἑῖγέ,
396 3008 462 3130 e⁴156.
475 3007 562 3125 γόνος,
576 3024 591 3059 ι.
608 3011 645 3061 19.
659 3008 730 3075 τότε,
747 3011 807 3060 401.
820 3006 887 3074 ἐμοί,
904 3025 932 3070 μ.
947 3009 1004 3060 161.
1016 3005 1204 3072 βαλλομένων,
1218 3008 1248 3072 φ.
1261 3007 1317 3061 306.

351 3091 360 3125 t
377 3090 394 3123 α
414 3090 442 3124 ἓν
462 3089 476 3125 θ
490 3090 511 3127 0.

388 3157 425 3224 36)
441 3158 536 3226 Longa
558 3174 626 3226 opus
649 3160 684 3212 sit
705 3161 859 3216 inductione
887 3160 1085 3240 exemplorum,
1108 3159 1224 3213 utillud
1241 3161 1319 3230 plane

319 3225 431 3350 Krohem
449 3225 600 3281 lectoribus.
634 3226 716 3297 Ergo,
734 3236 766 3282 ut
782 3228 944 3297 praecidam,
961 3244 1011 3282 nec
1028 3228 1172 3296 anticipem
1190 3244 1232 3297 ea,
1250 3243 1318 3299 quae

347 3309 407 3350 cum
418 3302 530 3363 poscent
541 3295 569 3348 in
580 3297 689 3364 proprio
704 3297 909 3365 Commentario,
920 3297 1101 3350 coniecturam
1113 3294 1225 3350 afferam
1238 3306 1317 3352 unam

319 3364 444 3432 omnium,
469 3378 538 3432 quae
555 3364 712 3419 Aristarcho
730 3365 895 3432 tribuuntur,
919 3365 1086 3419 scitissimum
1104 3371 1132 3419 et
1150 3365 1317 3444 elegantissi-

319 3446 398 3499 mam,
415 3431 444 3485 in
462 3452 487 3485 ο.
497 3433 556 3487 207.
585 3431 627 3485 lbi
644 3448 726 3499 quum
745 3441 773 3488 et
789 3435 847 3502 ipse
864 3434 893 3487 in
910 3440 988 3487 textu
1006 3434 1143 3502 vulgatam
1155 3440 1314 3500 scripturam

319 3507 437 3555 nostram
456 3499 587 3569 dedisset,
614 3516 677 3554 mox
694 3501 737 3554 vel
754 3503 783 3554 in
801 3502 898 3556 scholis
916 3502 959 3556 rel
975 3501 1003 3554 in
1022 3502 1193 3572 ὑπομνήμασι
1210 3518 1315 3557 versum

319 3569 467 3623 correxisse
486 3570 524 3624 sio
542 3569 655 3624 dicitur:
768 3602 770 3606 -
