3034 4434
205 1489 364 1573 Friderioi
389 1510 516 1585 Augusti
539 1509 637 1571 Wolfii
661 1510 867 1585 prolegomena
894 1511 924 1569 in
949 1510 1068 1571 Homeri
1087 1512 1208 1573 Iliadem

207 1623 310 1697 quibus
337 1623 449 1682 caussis
480 1623 613 1683 commoti
647 1621 741 1683 denuo
769 1622 856 1681 edere
882 1623 1128 1698 constituerimus,
1152 1642 1208 1686 non

210 1741 255 1794 est
278 1735 355 1810 quod
383 1735 528 1810 copiosius
553 1733 737 1810 explicemus.
783 1735 857 1794 Nam
883 1739 917 1792 ut
941 1750 1013 1808 opus
1034 1734 1105 1792 illud
1125 1752 1208 1808 prae·

206 1848 422 1922 stantissimum
443 1864 531 1922 quum
550 1849 666 1908 al'195
687 1848 810 1921 primum
829 1849 859 1906 in
877 1847 971 1907 lucem
991 1847 1100 1907 editum
1122 1853 1208 1922 esset,

204 1960 458 2021 vehementissime
490 1961 701 2035 philologorum
732 1960 830 2020 studia
860 1962 1025 2035 commovit,
1055 1961 1098 2022 ita
1121 1961 1209 2025 hodia

204 2089 322 2147 qnoque
357 2074 499 2134 communi
529 2074 653 2134 omniurn
688 2073 837 2135 doctorum
862 2074 968 2136 iudicio
993 2075 1077 2149 quasi
1105 2074 1209 2135 lexat

205 2201 309 2245 norma
338 2186 457 2246 criticae
482 2187 529 2246 via
556 2202 591 2245 ao
616 2185 728 2246 ratione
739 2184 900 2267 ‘faciendae
919 2185 1057 2260 habetur,
1082 2191 1115 2244 ut
1133 2201 1207 2246 nova

205 2295 273 2354 libri
299 2295 446 2370 editione,
474 2312 548 2369 quae
574 2297 700 2371 priorem
728 2303 864 2358 accurate
886 2297 1093 2371 emendateque
1115 2298 1208 2372 expri-

208 2411 280 2481 mat,
310 2408 499 2482 plurimorum
525 2407 680 2468 commodis
705 2409 815 2467 consuli
835 2424 921 2482 posse
942 2407 1082 2467 videatur.
1122 2408 1208 2467 Eius-

206 2516 284 2576 modi
311 2517 468 2578 editionem
493 2535 545 2578 nos
572 2519 725 2593 philologis
751 2519 910 2588 offerimus,
937 2519 989 2579 sed
1010 2534 1073 2578 eam
1093 2525 1207 2578 auctam

207 2633 266 2686 tam
291 2628 439 2689 luculenta
463 2631 642 2705 accessione,
667 2636 700 2689 ut
720 2649 737 2690 a
763 2632 830 2690 viris
855 2631 948 2692 doctis
976 2630 1054 2691 haud
1075 2631 1208 2704 exiguam

210 2739 332 2810 gratiam
363 2740 463 2799 inituri
494 2757 559 2800 esse
595 2741 752 2801 videamur.
799 2743 927 2816 Contigit
951 2745 1026 2803 enim
1050 2743 1147 2817 nobis,
1175 2747 1208 2803 ut

210 2852 369 2927 exemplar,
396 2868 451 2924 quo
471 2853 493 2910 Ι.
516 2850 668 2911 Bekkerus
689 2869 757 2911 usus
780 2858 824 2911 est
848 2855 1092 2928 nancisceremur‚
1127 2855 1208 2914 ouius

209 2964 331 3037 margini
362 2964 408 3022 vir
438 2962 621 3024 doctissimus
650 2965 851 3025 annotationes
885 2966 1032 3039 ascripsit,
1065 2982 1136 3039 quas
1161 2966 1209 3025 hic

208 3074 316 3148 publici
340 3075 412 3134 iuris
441 3074 570 3135 facimus.
609 3076 761 3135 Pertinent
787 3093 839 3136 eae
858 3078 1011 3137 maximam
1037 3083 1151 3151 partem
1170 3077 1209 3136 ad

209 3187 340 3246 enimcum
371 3192 402 3245 et
433 3187 512 3247 locos
542 3187 794 3260 grammaticorum
825 3193 855 3247 et
883 3189 1208 3262 interpretumquibus

211 3313 245 3356 ca
275 3313 352 3372 quae
371 3297 493 3358 Wolfius
526 3299 677 3372 proposuit
706 3298 752 3359 vel
772 3298 946 3374 probantur,
976 3299 1022 3359 vel
1041 3315 1209 3374 oppugnan.

208 3412 263 3466 tur.
308 3409 412 3481 Neque
436 3425 535 3468 omnes
560 3408 644 3468 simul
673 3408 725 3468 sed
751 3409 909 3471 identidem
935 3411 1060 3485 repetita
1082 3411 1208 3471 lectione

208 3519 352 3592 ascriptas
374 3535 438 3580 esse
457 3521 552 3594 ipsum
566 3520 713 3594 exemplar
726 3518 819 3580 docet.
854 3520 974 3582 Constat
987 3528 1084 3582 autern
1096 3522 1119 3584 Ι.
1131 3520 1208 3581 Bek-

208 3628 311 3690 lrerum
332 3647 369 3690 ex
388 3645 445 3704 quo
464 3631 576 3691 iuvenis
595 3630 626 3690 in
639 3629 736 3692 Wolfii
756 3631 937 3708 disciplinam
957 3634 1036 3693 venit
1054 3649 1107 3707 per
1126 3647 1208 3693 sexa·

209 3741 291 3814 ginta
307 3758 374 3829 &sex
403 3757 492 3802 annos
518 3742 638 3802 Homeri
670 3716 844 3804 carminibus
876 3743 1061 3804 emendandis
1089 3759 1207 3818 operam
