3034 4434
733 523 910 576 ..26-

397 675 572 745 Neutiquam
592 673 670 746 apud
684 687 792 742 omues,
812 669 1006 742 aiuntaliqui3
1027 674 1057 727 et
1068 667 1155 727 facile
1168 671 1323 732 credimus.

320 752 454 812 Nondum
475 751 550 808 enim
570 766 688 823 prorsus
709 750 803 807 eiecta
823 754 852 805 61
867 748 986 820 explosa
999 753 1044 805 est
1057 761 1156 805 eorum
1171 750 1259 821 ratio,
1274 753 1323 822 qui

321 830 478 887 Homerum
498 834 528 884 et
548 826 752 885 Callimachum
778 832 808 882 et
826 825 980 896 Virgilium
1002 829 1032 881 et
1050 824 1184 881 Nonnum
1206 834 1236 884 et
1254 827 1325 885 Mil·

321 912 420 965 tonum
446 903 546 962 eodem
567 904 661 962 animo
681 904 791 975 legunt,
815 918 878 974 nec,
904 901 972 973 quid
992 900 1218 974 uniuscuiusque
1239 910 1321 964 aetas

321 981 406 1053 ferat,
427 980 589 1053 expendere
608 979 731 1052 legendo
752 986 783 1037 et
802 984 969 1051 computare
989 977 1131 1036 laborant.
1157 979 1323 1040 Reimman·

207 1092 212 1097 ·
322 1075 422 1117 norum
442 1057 558 1129 quidem
577 1073 669 1128 nugas
682 1056 781 1114 rident
793 1057 853 1125 isti,
873 1055 925 1113 sed
939 1055 1027 1114 iidem
1037 1056 1200 1125 aegerrime
1212 1055 1319 1130 ferunt,

322 1135 407 1193 deum
427 1139 577 1207 poetarum
596 1133 697 1191 rudem
717 1130 806 1190 fuisse
826 1132 906 1190 credi
920 1133 949 1188 in
963 1132 1035 1205 ipsis
1050 1131 1200 1190 elementis
1215 1133 1322 1193 doctri-

321 1229 432 1281 narum,
453 1228 523 1283 quas
544 1212 593 1283 qui
612 1216 711 1269 nostro
731 1216 861 1282 tempore
881 1225 972 1281 prope
992 1213 1110 1266 cunctas
1124 1211 1318 1283 complectun-

322 1298 384 1361 tur,
409 1288 516 1346 Hiadas
541 1294 638 1346 tamen
662 1303 791 1360 pangere
816 1303 871 1344 non
897 1286 1013 1344 audent.
1053 1283 1184 1345 Tantone
1204 1289 1322 1360 ingenio

323 1373 356 1423 ut
376 1365 499 1437 denique
519 1381 583 1422 cum
602 1365 673 1436 ipsis
692 1364 749 1421 illis
771 1363 920 1421 elementis
941 1362 1106 1420 adimantur
1125 1379 1169 1433 ea,

402 1460 483 1531 Quae
501 1475 577 1516 nunc
596 1459 728 1530 suspensi
747 1459 831 1530 pueri
850 1458 1041 1515 instrumenta
1060 1458 1170 1515 1166111

400 1535 499 1594 Ludos
519 1534 668 1593 incedunt!

284 1648 308 1686 11
326 1631 383 1690 Sed
403 1632 468 1690 nolo
489 1629 611 1688 irridere
632 1645 697 1701 eos,
722 1645 794 1700 quos
815 1628 958 1687 dedocere
978 1629 1032 1688 hoc
1051 1629 1114 1690 loco
1133 1631 1260 1690 alienum
1280 1639 1328 1691 est

324 1714 354 1766 et
373 1724 475 1781 parum
495 1707 664 1766 modestum.
694 1707 770 1764 Nam
790 1707 905 1763 suntin
925 1707 961 1763 iis
981 1707 1109 1764 homines
1131 1708 1244 1766 Graece
1265 1709 1321 1767 La-

325 1786 443 1856 tineque
464 1784 631 1844 doctissimi.
665 1781 705 1839 At
723 1782 795 1839 illud
815 1783 885 1840 mihi
904 1783 1023 1842 concedi
1041 1790 1111 1856 puto
1132 1801 1150 1841 a
1170 1786 1327 1858 plerisque,

322 1863 351 1918 in
371 1863 493 1919 scientia
512 1862 628 1931 linguae
650 1859 780 1916 Graecae
800 1876 856 1918 non
876 1876 959 1918 omne
979 1860 1158 1932 praesidium
1172 1865 1268 1921 inesse
1281 1863 1319 1922 ad

324 1937 460 1996 Carmina
485 1938 603 1993 ultimae
628 1937 782 1993 vetustatis
809 1952 845 1993 ex
868 1937 965 1995 indole
986 1943 1016 1994 et
1034 1938 1150 2009 ingenio
1171 1946 1321 1998 auctorum

323 2013 520 2085 intelligenda.
541 2013 637 2083 Atque
649 2013 704 2070 hac
718 2013 911 2084 intelligentia
925 2015 974 2085 qui
989 2020 1097 2086 carent,
1118 2032 1166 2073 eos
1180 2017 1244 2074 iure
1258 2034 1322 2075 mco

323 2090 422 2148 reiicio
443 2088 552 2147 iudices
573 2090 602 2146 in
621 2089 666 2147 his
687 2089 827 2161 omnibus
848 2106 922 2161 quae
944 2089 980 2148 de
994 2092 1106 2149 ratione
1121 2093 1235 2151 illorum
1249 2100 1321 2152 tem·

323 2183 424 2239 porum
449 2165 577 2223 dicturus
604 2183 675 2224 sum.
717 2165 852 2225 Ceterum
871 2167 956 2239 mihi,
983 2184 1068 2239 spero
1089 2169 1182 2227 minus
1203 2186 1320 2228 succen-

324 2242 439 2314 sebunt,
466 2242 502 2300 ab
530 2243 656 2302 Homero
686 2260 742 2302 non
762 2249 822 2301 tam
842 2244 1034 2315 cognitionem
1054 2245 1216 2303 litterarum
1236 2263 1322 2318 quam

323 2336 406 2377 usum
438 2325 468 2378 61
491 2318 658 2378 facultatem
687 2320 873 2379 abiudicanti.
917 2321 973 2379 Est
1003 2323 1032 2379 in
1058 2338 1094 2380 ea
1118 2339 1150 2380 re
1176 2323 1324 2396 quiddam,

325 2397 404 2469 quod
422 2396 459 2455 ad
479 2415 580 2456 novam
600 2397 715 2456 laudem
736 2399 862 2456 trahant,
895 2397 1038 2456 Nimirum
1058 2405 1139 2457 tanto
1160 2401 1253 2472 magis
1275 2400 1325 2458 ad·

323 2475 460 2532 miramur
479 2481 593 2533 veteres
612 2475 806 2547 navigatores,
828 2474 905 2546 quod
925 2476 990 2533 illos
1011 2492 1111 2533 cursus
1131 2493 1198 2535 suos
1219 2493 1323 2550 regere

323 2557 479 2629 potnerunt
493 2554 554 2610 sine
568 2552 674 2625 pyxide
690 2554 822 2622 nautica,
842 2568 896 2609 nec
909 2549 1031 2611 forsitan
1045 2553 1120 2612 omni
1141 2554 1226 2612 militi
1237 2555 1323 2613 hodie

324 2628 463 2686 credibile
482 2628 529 2697 fit,
555 2636 622 2687 ante
642 2630 770 2700 pulveris
790 2629 891 2686 nitrati
910 2631 1103 2689 inventionem
1122 2630 1324 2689 Alexandrum

324 2706 369 2761 vel
390 2705 544 2763 Caesarem
564 2712 660 2763 tantas
680 2721 727 2763 res
749 2707 858 2777 egisse,
883 2712 927 2764 tot
946 2707 1152 2764 munitissimas
1171 2707 1260 2766 urbes
1280 2724 1326 2765 66-

324 2782 409 2852 pisse.
450 2781 587 2839 Attamen
606 2781 771 2839 habuerunt
789 2782 841 2852 illi,
866 2782 943 2853 quod
963 2784 1089 2855 pulveris
1108 2784 1211 2842 mitrati
1231 2785 1322 2842 vicem

324 2858 395 2913 satis
415 2856 511 2914 valide
526 2858 664 2929 expleret.
686 2858 800 2929 Quanto
815 2859 1013 2917 admirabilius
1028 2858 1182 2917 6111111116
1196 2866 1321 2933 poetam,

324 2933 373 3002 qui
398 2940 591 3004 6111111611,
621 2935 682 2992 sine
717 2951 775 3005 qua
800 2937 909 2994 nullum
935 2938 1032 3009 paullo
1057 2937 1172 3008 longius
1199 2937 1321 2996 Carmen

323 3009 458 3066 videatur
478 3009 595 3069 confieri
614 3027 717 3084 posse,
743 3028 830 3083 quum
850 3015 967 3085 cognita
987 3019 1076 3082 esset,
1102 3029 1139 3071 ne
1160 3013 1326 3073 discendam

325 3085 441 3156 quidem
461 3087 517 3144 sibi
536 3103 590 3145 nec
609 3091 803 3147 neeessariam
825 3090 955 3148 duxerit!

402 3163 526 3235 Etenim,
547 3171 579 3221 ut
601 3167 676 3224 serio
696 3183 757 3224 rem
779 3167 944 3239 aggrediar,
964 3168 993 3223 in
1012 3166 1130 3226 Woodii
1149 3169 1326 3240 argumentis

323 3240 415 3296 multa
434 3246 501 3298 sunt
520 3240 639 3313 infirma,
659 3245 749 3302 multa
768 3244 873 3316 cupide
894 3245 1035 3315 quaesita.
1075 3244 1315 3316 Philosophorum

326 3315 412 3372 611111
433 3317 470 3374 ad
491 3317 639 3376 Socratem
652 3337 743 3390 usque
764 3321 842 3394 apud
858 3327 972 3379 veteres
992 3337 1086 3393 pauca
1100 3322 1210 3393 scripta
1224 3322 1326 3381 eonsti-

324 3391 395 3449 tisse
416 3394 470 3464 ait3
491 3395 520 3450 in
540 3395 602 3466 ipso
616 3394 742 3455 Homero
763 3398 929 3456 memoriam
951 3397 1022 3455 ferri
1042 3398 1155 3456 unicam
1175 3399 1323 3458 custodem

324 3483 435 3540 rerum3
461 3470 581 3528 eandem
601 3471 750 3530 Musarum
775 3480 913 3545 matrem3
939 3476 1018 3546 ipsas
1043 3475 1144 3533 Musas
1171 3477 1321 3533 cantrices.

286 3565 311 3604 45
327 3544 416 3614 Quasi
441 3563 508 3605 vero
538 3548 598 3605 vati
621 3549 751 3607 licuisset
780 3548 893 3608 fabulas
915 3551 1058 3624 refingere
1080 3551 1168 3610 semel
1188 3558 1321 3625 receptas

324 3618 518 3695 firmatasque,
539 3631 589 3681 aut
608 3631 711 3697 postea
731 3627 882 3698 quisquam
903 3644 1011 3700 eorum,
1033 3631 1082 3700 qui
1102 3646 1213 3701 papyro
1235 3635 1266 3687 et
1279 3645 1323 3686 ca·

324 3700 398 3760 lamo
419 3701 464 3758 usi
485 3706 559 3772 sunt,
579 3719 632 3774 pro
651 3701 842 3775 Mnemosyne
862 3721 965 3762 novam
986 3704 1181 3777 papyriferam
1196 3706 1281 3764 deam
1295 3706 1322 3761 11

326 3776 447 3834 Carmen
461 3778 628 3838 induxisset.
650 3778 772 3838 Manent
784 3782 865 3854 talia,
881 3782 936 3840 etsi
950 3799 997 3839 res
1013 3790 1043 3840 et
1055 3799 1149 3841 mores
1161 3789 1320 3850 mutantur3
