3034 4434
623 526 800 586 -107-

208 679 395 740 obscnrasset
415 679 568 752 insequens
589 695 704 752 aevum,
729 680 913 739 obscuratum
937 679 1043 739 deinde
1062 686 1093 740 et
1112 681 1205 755 ipsum

206 757 300 815 multis
334 755 442 817 modis.
496 755 633 815 Attamen
663 761 730 815 ante
762 756 941 817 Zenodotum
974 763 1039 816 octo
1072 758 1205 816 diversae

207 834 366 906 scripturae
395 834 542 906 exempla,
568 834 674 893 Graeci
698 830 873 910 διορθώσεις
898 840 1014 907 vocant,
1039 835 1204 893 nominatim

208 909 243 970 ad
260 927 314 969 nos
335 910 454 983 perlata
473 915 547 969 sunt.
587 910 671 969 Duae
690 910 793 969 harum
812 907 1001 987 deopioioeov
1020 912 1136 970 nomina
1156 927 1206 985 ge·

205 992 270 1046 runt
290 986 545 1046 celeberrimorum
559 987 692 1059 virorum,
712 986 886 1060 Antimachi,
908 987 1078 1060 (lolophonii
1090 994 1207 1061 po'etae,

207 1069 235 1122 et
252 1061 433 1145 Aristotelis,
452 1063 532 1122 cuius
552 1064 700 1136 ingenium
720 1061 802 1123 ferax
820 1064 988 1123 beatissima
1008 1080 1104 1123 rerum
1117 1066 1208 1124 mani·

205 1156 316 1200 marum
343 1140 430 1214 eopia
454 1140 563 1199 nullum
588 1141 785 1200 venustiorum
805 1141 955 1200 Musarum
974 1158 1046 1214 opus
1066 1141 1208 1214 dedigna-

205 1217 301 1277 batur.
341 1216 383 1276 Et
402 1217 455 1276 has
476 1217 591 1289 quidem
610 1219 795 1276 recensiones
815 1223 900 1290 putet
919 1218 1023 1291 ahquis
1043 1234 1114 1292 prae
1129 1224 1207 1277 cete·
1225 1225 1261 1266 1⁷⁵

204 1295 244 1353 ris
262 1294 460 1353 numerandas
481 1310 545 1353 esse
564 1294 594 1351 in
613 1295 659 1366 iis,
679 1310 754 1367 quac
768 1295 797 1352 in
809 1295 931 1354 Scholiis
946 1294 1079 1353 dicuntur
1093 1294 1122 1352 ci
1134 1299 1205 1352 κατ’

206 1367 352 1448 curpett).
392 1371 617 1444 Distinguuntur
636 1371 673 1430 ab
693 1371 738 1430 his
759 1370 790 1427 αῖ
807 1369 956 1441 πολιτικαί,
976 1389 998 1430 s.
1020 1370 1050 1427 αἱ
1068 1369 1145 1429 κατὰ
1159 1369 1205 1428 πό-

206 1446 272 1521 λεις,
294 1445 325 1504 αἱ
343 1441 380 1504 ἐκ
399 1444 520 1518 πόλεων,
540 1447 648 1520 ignotis
668 1448 845 1507 auctoribus.
886 1449 995 1507 Earum
1015 1448 1097 1520 duas,
1123 1450 1206 1520 quasi

206 1525 384 1584 clarissimae
409 1523 518 1598 famae,
537 1526 601 1605 iam
626 1524 735 1584 dudum
753 1525 926 1584 Eustathius
951 1525 990 1584 ad
1008 1525 1129 1583 Iliadem
1150 1542 1207 1584 una

206 1617 270 1660 cum
290 1600 470 1661 Aristotelea
488 1602 700 1674 nominaverat,
725 1601 946 1662 Massilioticam
972 1607 1002 1660 et
1029 1602 1207 1674 Sinopicam3

205 1694 299 1752 nuper
319 1694 356 1737 ex
374 1678 499 1753 Lipsicis
519 1685 550 1737 et
568 1679 687 1738 Venetis
714 1678 836 1738 Schohis
862 1684 986 1751 quatuor
1011 1679 1085 1736 aliae
1110 1694 1207 1737 acces·

206 1760 319 1815 serunt:
340 1771 461 1827 quarum
481 1756 519 1828 si,
544 1761 577 1814 ut
596 1771 727 1827 quaeque
747 1772 866 1816 numero
886 1754 1016 1829 pluribus
1035 1754 1207 1814 lectionibus
1280 1811 1283 1820 ,

205 1832 341 1905 innotuit,
357 1832 399 1890 ita
419 1833 522 1903 cuique
542 1831 709 1892 honoratior
728 1833 807 1892 loeus
822 1832 953 1904 debetur,
974 1833 1095 1903 (nullum
1109 1838 1206 1890 autem

206 1909 337 1967 videmus
358 1913 468 1968 certum
488 1908 638 1981 ordinem)
660 1910 701 1968 ita
719 1910 788 1968 illae
809 1909 985 1969 ordinandae
1006 1913 1080 1980 sunt,
1102 1911 1206 1964 Mosci-

208 1988 308 2057 liotr'ec,
334 1987 410 2057 Otia,
432 1986 545 2056 Arpina,
565 1985 705 2058 Sinopide,
730 1988 837 2057 cippido,
857 1988 968 2043 Cretica.
1001 1986 1047 2045 Ex
1059 1985 1204 2045 Massilio-

205 2062 275 2135 tica,
302 2078 388 2134 quam
413 2067 533 2135 propter
557 2061 698 2136 originem
722 2063 807 2121 huius
836 2063 961 2122 civitatis
995 2062 1205 2135 quodammodo

205 2138 334 2204 Ionicam
355 2137 472 2213 (liseria,
491 2140 631 2199 lectiones
652 2138 690 2198 ad
710 2140 823 2213 viginti,
844 2157 880 2199 ex
894 2139 966 2199 Chia
985 2140 1023 2199 ad
1043 2140 1204 2213 duodecim,

207 2220 236 2274 et
258 2215 303 2274 ita
329 2213 464 2304 deinceps
493 2216 661 2290 pauciores,
688 2233 704 2275 e
725 2215 841 2276 Cretica
870 2233 905 2275 ex
925 2217 1038 2276 Seleuci
1057 2218 1205 2278 notatione

206 2307 293 2352 unam
313 2307 486 2367 accepimus.

287 2368 429 2441 Quoniam
457 2385 526 2431 vero
556 2369 593 2429 de
622 2371 667 2429 his
692 2365 909 2428 recensionibus
933 2369 1063 2428 omnibus
1087 2377 1206 2443 praeter

208 2445 385 2506 Scholiastas
405 2446 470 2506 illos
491 2446 581 2508 omnis
602 2448 669 2506 silet
688 2447 855 2519 antiquitas,
873 2463 931 2505 non
952 2446 1043 2504 solum
1062 2445 1093 2503 id
1113 2447 1205 2504 inccr-

207 2528 268 2582 tum
289 2528 344 2596 est,
363 2539 382 2581 a
402 2523 505 2594 quibus
526 2531 654 2596 curatae,
675 2530 705 2583 et
723 2529 820 2583 utrum
839 2522 955 2595 publica
975 2523 1148 2581 auctoritate
1168 2538 1205 2581 an

207 2604 313 2673 rogatu
332 2600 510 2673 privatorum
528 2598 625 2660 factae
646 2601 712 2674 siut,
732 2600 785 2659 sed
805 2600 894 2658 etiam
913 2599 960 2657 cui
979 2599 1037 2657 sint
1056 2599 1147 2658 aetati
1161 2615 1206 2658 as·

208 2675 376 2750 signandae.
417 2676 475 2735 Sed
495 2693 545 2736 eas
564 2678 622 2737 huc
641 2694 717 2737 amc
729 2677 832 2750 reponi
844 2691 928 2735 nemo
941 2675 1102 2745 mirabitur,
1122 2692 1208 2748 quum
1326 2706 1343 2743 0

209 2753 287 2812 idem
306 2753 460 2812 videantur
479 2753 583 2814 fecisse
603 2761 634 2814 et
652 2755 717 2827 alii;
738 2760 770 2814 at
789 2769 863 2826 quae
885 2769 983 2811 earum
1002 2754 1078 2812 ratio
1099 2757 1129 2811 et
1142 2768 1208 2812 con-

209 2830 283 2890 ditio
307 2826 397 2889 fuerit
422 2831 587 2891 coniectura
612 2833 703 2905 magis
728 2833 758 2889 in
784 2830 918 2903 ambiguo
940 2836 993 2888 est.
1032 2831 1108 2888 Nam
1127 2836 1207 2889 vetu-

210 2913 316 2967 statem
336 2923 435 2967 earum
455 2909 585 2968 omnibus
604 2910 635 2966 in
653 2909 737 2982 locis,
762 2907 812 2966 ubi
837 2914 1110 2980 commemorantur,
1136 2906 1208 2966 illud
1222 2925 1259 2964 ne

210 2984 281 3046 satis
302 2984 440 3058 ostendit,
461 2984 539 3058 quod
553 2987 598 3045 vel
611 2992 829 3060 praeponuntur
841 2984 1000 3056 Zenodoto,
1020 2983 1209 3058 Aristophani

210 3061 370 3134 horumque
397 3063 579 3136 aequalibus,
604 3064 650 3122 vel
676 3069 755 3122 certe
776 3079 840 3121 cum
859 3061 904 3120 his
925 3067 1146 3134 componuntur,
1171 3076 1208 3120 ne

212 3138 247 3197 de
272 3139 339 3198 aliis
365 3137 479 3200 indiciis
506 3140 614 3213 dicam,
639 3156 714 3213 quae
739 3140 848 3214 passim
877 3139 923 3197 vel
947 3140 977 3195 in
1002 3139 1208 3198 Graeculorum

212 3215 459 3289 negligentissima
478 3218 608 3277 oratione
628 3215 822 3290 agnoscas39).
864 3216 945 3288 Quae
965 3216 1060 3275 omnia
1079 3214 1210 3275 conside·
1226 3231 1264 3270 ru

280 3385 318 3453 ³⁸)
336 3383 449 3439 Duobus
471 3390 577 3439 tantum
600 3385 643 3438 bis
669 3384 734 3440 locis
757 3398 889 3438 novorum
906 3347 1099 3452 scholiorum,
1129 3384 1211 3436 .108.

213 3454 241 3518 ψ.
258 3457 300 3509 88.
339 3451 506 3508 Scholiorum
524 3469 621 3508 nomen
638 3452 683 3508 hic
701 3459 729 3506 et
746 3450 811 3506 aiibi
823 3451 980 3521 simpliciter
991 3451 1080 3505 tribuo
1119 3449 1212 3504 erretis.

279 3539 318 3607 ⁸⁹)
336 3537 407 3605 Quia
433 3553 494 3593 raro
518 3552 572 3592 una
596 3538 728 3607 quaedam
745 3537 841 3591 harum
854 3536 1001 3591 editionum
1019 3549 1139 3590 seorsum
1156 3532 1212 3587 lau·

214 3606 305 3672 datur,
329 3621 364 3662 ne
383 3604 498 3660 eundem
524 3606 612 3661 locum
629 3621 739 3661 necesse
756 3604 872 3660 habeam
889 3611 933 3659 ter
950 3611 977 3659 et
995 3608 1091 3672 quater
1107 3607 1211 3664 notare,

215 3689 304 3731 omnes
320 3674 368 3730 hic
384 3673 413 3728 iu
430 3689 512 3729 unam
529 3674 625 3729 seriem
643 3675 787 3730 conferam.
815 3673 948 3742 Pleraque
960 3669 1128 3752 illorumsoh
1135 3683 1214 3737 prae-

215 3760 380 3816 stantissimo
406 3756 463 3812 cod.
486 3759 520 3813 A.
547 3756 640 3812 deberi
664 3758 798 3814 evolventi
820 3756 975 3827 apparebit:
998 3754 1033 3810 ad
1050 3773 1076 3808 c.
1094 3759 1135 3811 97.
1152 3756 1212 3810 298.
