3034 4434
698 524 876 577 ..68-

285 673 435 732 nisterium
454 688 589 732 manuum
610 676 640 729 et
659 671 860 743 instrumenta,
876 671 985 742 ‘quibus
1006 672 1057 730 illa
1077 679 1180 733 notata
1195 678 1291 749 aliquo

284 750 385 822 modo,
411 750 510 808 statim
535 749 620 820 vulgo
647 754 699 806 aut
718 749 821 806 saltem
841 749 942 820 paucis
962 745 1154 808 familiaribus
1174 752 1292 826 integra

233 835 274 876 112
284 826 478 885 traderentur.
517 826 551 885 Id
575 825 719 884 Homerus
746 823 861 884 efficere
885 841 942 883 non
968 827 1112 897 potuisset
1132 831 1219 884 decen
1241 835 1292 886 lia-

284 905 359 975 puia,
388 907 483 974 seraa
514 922 576 959 voce
608 907 637 960 et
663 904 750 957 amaia
776 901 962 973 lctaabua⁸³l;
986 903 1034 961 hic
1054 903 1111 976 ipsi
1136 907 1291 979 graphium

285 995 357 1052 opus
379 985 442 1038 erat
462 985 493 1038 et
511 979 638 1038 tabulae.
678 978 774 1051 Quid?
796 979 882 1050 quod,
912 979 936 1036 si
957 977 1033 1038 forte
1052 980 1098 1038 his
1118 981 1291 1053 instructus,

284 1072 358 1114 unus
377 1057 407 1114 in
427 1058 543 1116 saeculo
564 1074 629 1128 suo,
654 1056 748 1114 Iliada
774 1061 804 1113 et
832 1055 991 1127 Odysseam
1018 1057 1073 1115 hoo
1097 1063 1200 1118 tenore
1227 1077 1293 1133 per-

285 1133 436 1206 tenuisset,
456 1135 487 1191 in
507 1139 669 1193 ceterarum
688 1133 936 1206 opportunitatum
954 1135 1076 1205 penuria
1095 1134 1204 1194 similes
1224 1139 1293 1196 illae

284 1207 408 1268 fuissent
426 1211 538 1282 ingenti
557 1211 689 1282 navigio,
715 1209 792 1282 quod
815 1210 879 1280 quis
899 1210 928 1266 in
948 1210 1042 1282 prima
1061 1211 1192 1270 ruditate
1213 1217 1293 1273 navi·

284 1288 409 1360 gationis
423 1286 580 1346 fabricatus
605 1289 635 1344 in
656 1288 719 1346 loco
733 1286 956 1358 mediterraneo,
976 1287 1114 1345 machinis
1131 1289 1293 1362 etphalan·

234 1400 236 1404 -
285 1365 329 1437 gis
350 1364 388 1422 ad
407 1365 644 1438 protrudendum,
666 1371 754 1436 atque
775 1362 849 1422 adeo
869 1365 943 1421 mari
963 1371 1086 1436 careret,
1113 1366 1145 1422 in
1165 1382 1223 1437 quo
1243 1385 1292 1427 ex-

283 1441 475 1515 perimentum
495 1458 565 1501 suae
586 1442 658 1500 artis
679 1447 807 1514 caperet.
847 1441 913 1499 Non
934 1442 1176 1514 commemorabo,
1203 1459 1291 1515 quam

284 1523 353 1593 apte
377 1519 436 1577 sint
458 1520 488 1576 in
509 1519 619 1578 artibus
641 1517 819 1577 Graecorum
839 1533 937 1576 omnes
959 1517 1067 1590 gradus
1088 1524 1118 1576 et
1138 1536 1290 1580 successus

282 1596 350 1655 nexi
370 1592 447 1654 inte'r
467 1613 499 1655 se
520 1601 551 1654 et
570 1597 621 1654 alii
641 1593 902 1668 aliis'praemuniti‚
922 1599 965 1664 ut,
985 1611 1036 1652 cur
1050 1596 1171 1667 quisque
1186 1614 1293 1670 sequa-

284 1678 333 1730 tur
351 1672 498 1747 deinceps,
520 1690 556 1731 ex
575 1673 725 1746 superiore
746 1672 793 1730 via
813 1677 843 1729 et
863 1672 1064 1730 antecessione
1079 1688 1234 1732 causarum
1246 1677 1290 1734 in·

284 1750 378 1823 telligi
398 1751 499 1822 possit.
539 1749 673 1821 Exempli
694 1749 799 1821 gratia,
819 1764 940 1821 pronum
961 1746 1017 1807 fuit
1034 1749 1150 1820 ingenio
1166 1750 1290 1826 Graeco,

284 1841 320 1884 ex
334 1828 423 1899 epicis
444 1825 556 1890 ἀοιδαῖς
582 1826 721 1883 mutanda
745 1823 837 1884 forma
864 1841 963 1882 serere
989 1827 1132 1884 scenicam
1151 1824 1291 1902 fabulam,

284 1907 315 1961 et
337 1902 455 1961 fastidio
482 1902 616 1973 quodam,
636 1908 669 1959 ut
687 1901 728 1975 fit,
756 1901 886 1960 eiusdem
906 1901 1067 1960 cautilenae
1088 1919 1136 1974 ea,
1163 1920 1239 1975 quae
1260 1908 1290 1964 in

283 1979 341 2036 illis
362 1984 481 2037 narrata
501 1984 593 2051 erant,
613 1980 745 2051 personis
766 1978 891 2037 dicenda
910 1978 992 2051 dare,
1012 1980 1095 2050 quasi
1106 1985 1174 2038 ante
1188 1984 1289 2042 oculos

284 2061 456 2127 agerentur:
483 2055 557 2112 illud
583 2056 687 2113 nullius
714 2057 846 2114 nationis
874 2057 991 2129 ingenio
1016 2054 1123 2115 factum
1149 2065 1208 2138 est,
1233 2077 1289 2119 nec

283 2131 378 2203 potuit
387 2129 460 2203 fieri,
470 2136 503 2189 ut
513 2133 577 2204 quis
589 2132 626 2190 ad
637 2134 725 2191 talem
734 2132 833 2191 ludum
845 2134 976 2205 prodiret
987 2134 1057 2191 sine‘
1063 2136 1286 2209 spectatoribus

282 2213 334 2266 aut
352 2208 503 2280 longitudo
525 2209 807 2282 eiusrdtra15,000
834 2226 934 2268 versus
956 2217 1132 2268 excurreret.
1172 2212 1287 2272 Eodem

283 2289 368 2357 pacto
390 2285 414 2342 si
433 2285 560 2345 Homero
579 2287 703 2346 lectores
724 2288 855 2358 deerant,
876 2288 962 2360 plane
975 2305 1032 2345 non
1046 2304 1195 2362 assequor,
1217 2291 1286 2362 quid

254 2357 255 2360 ’
282 2362 399 2420 taudem
421 2379 485 2421 eum
504 2363 654 2436 impellere
668 2366 813 2437 potuisset
826 2364 856 2420 in
870 2365 1020 2423 consilium
1035 2371 1064 2423 et
1078 2365 1286 2437 cogitationem

281 2444 342 2498 tam
361 2441 512 2512 longorum
533 2447 563 2499 et
583 2443 717 2501 continuo
732 2442 859 2515 partium
873 2457 949 2499 nexu
962 2447 1160 2500 consertorum
1176 2442 1285 2502 Carmi-

281 2531 358 2575 num.
379 2516 501 2590 Saepius
523 2518 625 2578 eadem
644 2525 761 2591 repeto:
783 2519 835 2576 sed
855 2518 1013 2576 identidem
1033 2519 1227 2591 repetendum
1242 2528 1286 2580 est

231 2606 270 2648 na
281 2593 352 2651 illud
377 2613 470 2664 possa,
498 2597 579 2653 cuius
607 2613 642 2653 ex
667 2597 732 2668 ipsa
751 2595 877 2653 humana
895 2601 1000 2653 natiue
1019 2595 1065 2652 vis
1085 2600 1168 2653 tanta
1190 2602 1286 2656 estet

280 2667 489 2728 firmamentum
521 2687 625 2730 causae
644 2678 777 2742 nostrae,
801 2679 846 2744 ut,
872 2672 927 2729 nisi
947 2672 1019 2729 illud
1039 2672 1171 2744 tollatur,
1202 2690 1286 2734 nemo

281 2746 345 2804 aliis
367 2744 593 2821 difficultatibus,
614 2748 717 2819 quibus
739 2765 775 2807 ea
788 2747 913 2807 fortasse
927 2749 1042 2807 laborat
1054 2750 1195 2830 plurimis,
1218 2753 1284 2824 angi

282 2829 313 2880 et
331 2822 481 2881 sollicitari
502 2821 660 2897 debeat84).

347 2964 556 3032 mnam.

348 3048 384 3117 84)
401 3050 477 3105 Iacta
503 3057 544 3105 est
571 3051 638 3120 alea,
666 3052 701 3105 ad
731 3068 813 3121 quam
841 3061 914 3108 certa
932 3071 986 3108 non
1004 3057 1153 3123 imparatus
1172 3060 1281 3113 accessi

281 3115 444 3184 Superstites
461 3119 550 3173 adhuc
566 3125 636 3187 sunt,
655 3123 694 3187 (et
712 3122 815 3174 utinam
833 3123 879 3177 diu
889 3124 968 3190 siml)
986 3124 1282 3194 memineruntquefor·

279 3185 1079 3257 11111111101111111111111111111,1111110111111780111781
1092 3194 1179 3262 [1779.
1188 3195 1281 3250 Briefe

278 3251 446 3322 anHeyuep.
455 3258 522 3324 121]
530 3255 563 3309 de
572 3256 624 3310 hac
633 3259 965 3314 resecumetsermonibus
976 3260 1225 3329 etlitterisegerim.
1238 3265 1280 3319 Ab

278 3319 325 3373 illo
340 3319 403 3375 inde
425 3328 546 3391 tempore
564 3324 599 3377 ad
611 3325 677 3379 alias
690 3340 768 3380 curas
777 3326 922 3394 digressus,
941 3344 1002 3382 raro
1017 3328 1084 3382 mihi
1097 3329 1168 3383 iuter
1181 3333 1281 3399 amicos

278 3402 374 3454 passus
391 3405 449 3444 sum
458 3391 568 3445 verbum
581 3392 714 3460 excidere,
734 3409 787 3461 quo
801 3395 935 3449 silentium
945 3402 973 3449 et
983 3397 1115 3451 firmatam
1128 3398 1281 3466 opinionem

278 3455 418 3512 doctorum
445 3459 651 3528 interpellarem.
687 3460 779 3514 Etiam
805 3463 833 3516 in
850 3464 1079 3531 praelectionibus
1097 3467 1164 3519 meis
1182 3469 1280 3524 multos

272 3528 361 3579 'annos
378 3525 499 3581 imitatus
517 3544 575 3582 sum
593 3529 756 3597 interpretes
775 3531 912 3586 doctrinae
930 3548 1022 3588 sacrae
1066 3534 1113 3603 qui
1130 3534 1279 3591 edictorum

276 3598 350 3647 metu
367 3595 456 3649 territi
471 3611 525 3652 non
542 3597 569 3651 id
588 3597 693 3667 docent,
713 3599 786 3668 quod
804 3599 910 3653 sibimet
928 3601 993 3669 ipsis
1011 3573 1110 3670 placet,
1140 3604 1188 3657 sed
1206 3607 1279 3673 quod

277 3660 407 3718 ecclesiae
425 3664 489 3719 olim
512 3672 618 3720 extem
639 3681 685 3721 ore
703 3666 872 3734 probandum
890 3670 1087 3738 praescriptum
1105 3679 1162 3738 est,
1189 3689 1277 3742 neque

276 3728 383 3795 publice
402 3732 546 3801 quidquam
567 3735 600 3789 de
619 3682 831 3790 {ubilationibus
848 3736 906 3791 istis
922 3737 1038 3806 prodidi.
1058 3738 1181 3807 Reposui
1199 3758 1277 3809 prae·
