3034 4434
642 550 822 606 ..gp-

237 700 449 760 lundamentum
469 700 584 761 desunt.
625 703 742 762 Etenim
763 702 788 759 si
808 703 907 775 priora
927 697 979 781 ἔπη
993 703 1088 762 omnia
1101 704 1234 765 breviora

236 776 354 851 inerunt,
377 794 537 851 eorumque
557 778 777 852 vulgandormn,
799 780 885 838 etiam
905 781 996 853 ipsius
1017 785 1114 839 aetate
1135 786 1165 840 et
1184 783 1235 859 dja

235 861 344 928 postea,
375 855 480 913 unicus
499 855 602 916 modus
622 855 678 915 luit
697 855 815 927 publica
833 858 976 927 recitatio,
1003 857 1069 915 talis
1089 858 1233 933 videlicet,

234 933 306 1004 quali
330 931 496 1004 rbapsodos
522 932 560 991 ad
581 933 761 1006 Cynaethum
781 949 849 991 usos
869 933 1006 1004 vidimns3
1033 934 1058 991 si
1077 951 1164 1007 porro
1184 937 1233 994 mi-

233 1010 303 1067 nime
319 1007 464 1067 credibile
479 1014 524 1067 est
538 1015 568 1068 et
580 1011 659 1068 nulla
673 1011 847 1069 auctoritate
860 1011 966 1080 nixum,
986 1011 1086 1083 plures
1100 1019 1233 1072 cantores

234 1102 281 1158 per
305 1086 420 1157 aliquot
446 1085 509 1144 dies
534 1087 594 1145 sive
618 1087 815 1146 hebdomades
842 1085 954 1145 dierum
973 1092 1088 1146 coactos
1108 1106 1234 1161 unquam

235 1177 294 1220 esse
308 1162 347 1220 ad
360 1167 446 1220 tanta
462 1161 596 1222 Carmina
610 1163 790 1223 auditoribus
803 1164 978 1235 ingerenda;
999 1180 1073 1235 quae
1087 1182 1145 1224 una
1157 1167 1233 1226 ratio

235 1237 344 1311 fnisset,
366 1245 401 1297 ut
418 1239 588 1311 magnitudo
609 1245 640 1299 et
658 1257 769 1299 summa
788 1256 896 1311 eorum,
915 1257 973 1299 non
992 1240 1087 1299 dicam
1106 1258 1234 1316 compre·

236 1316 421 1389 benderetur,
442 1314 496 1374 sed
510 1316 547 1374 ad
562 1323 721 1376 extremum
736 1314 943 1383 audiretur⁸²lz
965 1317 1087 1390 cogitur,
1107 1320 1233 1393 inquam,

239 1400 265 1451 et
278 1391 405 1451 efficitur
419 1394 593 1467 necessario,
606 1394 650 1451 illi
662 1394 788 1466 universi
801 1394 898 1466 operis
908 1394 1105 1467 descriptioni,
1124 1397 1168 1454 rei
1181 1413 1234 1471 per
1247 1412 1285 1452 111

235 1486 263 1528 se
290 1468 392 1529 forsan
420 1486 477 1528 non
502 1470 585 1529 nimis
606 1471 729 1543 arduae,
754 1470 875 1528 arduam
895 1471 1017 1529 maxime
1038 1475 1069 1528 et
1087 1473 1173 1544 plano
1192 1475 1234 1531 in-

237 1547 421 1606 eluctabilem
446 1547 504 1604 vim
530 1554 652 1606 naturae
672 1547 831 1606 obstitisse.
870 1547 924 1605 His
945 1546 1166 1631 omnibusnibil
1185 1549 1235 1608 de-

235 1628 359 1683 tractum
379 1624 508 1682 uolumus
529 1625 675 1683 sollertiae
695 1625 780 1695 vatis,
801 1639 875 1694 quae
896 1639 981 1694 quam
1001 1638 1091 1695 parva
1111 1624 1236 1685 sufficiat

236 1701 347 1773 magnis
367 1700 566 1773 voluminibus,
587 1701 744 1759 innumeris
765 1700 945 1759 documentis
966 1704 1092 1770 constat3
1113 1701 1167 1758 sed
1185 1718 1235 1760 ne·
1314 1706 1316 1710 '

235 1778 392 1836 cessarium
412 1775 501 1835 fuisse
514 1778 602 1836 tantis
616 1777 754 1852 operibns
770 1776 956 1849 designandis
971 1776 1170 1835 contendimus
1183 1779 1234 1835 mi·

316 1936 354 2004 ⁸²)
390 1935 550 1990 Aristoteles
578 1953 659 2005 quum
689 1937 859 1989 εὐσύνοπτον
889 1941 972 2007 μῆκος
997 1936 1065 1991 vidit
1095 1936 1123 1990 in
1149 1936 1234 1993 Iliade

235 2005 320 2071 (Perit.
338 2007 393 2070 23.)
419 2004 471 2057 etsi
487 2004 547 2083 ipsa
563 2003 702 2073 longitudo
727 2005 785 2058 eius
803 2005 876 2073 apud
893 2012 999 2060 veteres
1017 2006 1046 2058 in
1063 2005 1235 2074 proverbium

235 2074 322 2140 cessit,
341 2070 375 2125 de
393 2043 465 2126 lecta
482 2071 667 2141 subindicavit,
686 2089 740 2127 non
752 2073 785 2126 de
798 2074 897 2127 audita.
928 2073 1005 2140 Quen
1025 2090 1086 2128 uam
1097 2073 1236 2142 hocparri

234 2140 361 2196 momenti
380 2145 427 2193 est.
464 2138 516 2194 Sed
533 2141 651 2195 notabile
670 2147 718 2209 est,
737 2140 810 2209 quod
827 2141 915 2196 Dacer
933 2143 970 2196 ibi
988 2090 1024 2197 ag
1035 2158 1057 2196 c.
1080 2146 1234 2213 renarrat,

236 2209 323 2264 Iliada
346 2207 484 2263 commode
527 2208 610 2278 erlegi
631 2225 709 2277 posse
732 2224 787 2263 uno
812 2210 863 2263 die.
898 2211 957 2266 Hoc
976 2227 1026 2279 ego
1044 2210 1137 2278 legens
1153 2226 1235 2280 saepe

236 2277 271 2331 ad
289 2274 422 2334 Iudaeum
440 2224 564 2345 Apelfam
581 2277 758 2331 remittebam.
796 2277 922 2332 Similiter
943 2278 1124 2346 Twiningius:
1153 2280 1236 2331 Fora

236 2364 336 2414 muger,
361 2345 466 2411 indeed,
494 2345 514 2395 Ι
526 2347 580 2398 oili
601 2357 643 2398 act
667 2365 714 2414 sap
737 2347 806 2398 what
828 2348 905 2414 mipbl
931 2347 960 2399 be
978 2349 1058 2410 dome,
1085 2349 1109 2409 ὴ(
1130 2363 1167 2398 wc
1183 2348 1236 2399 aad

233 2414 382 2481 reading
399 2430 494 2465 rocca
511 2423 538 2464 al
556 2413 727 2468 Nemmarbet.
764 2413 826 2468 Not.
845 2430 871 2481 p.
889 2415 948 2469 478.
982 2415 1021 2467 At
1038 2414 1060 2466 si
1078 2413 1122 2467 hic
1140 2414 1234 2468 doctis-

232 2482 315 2536 simus
333 2481 375 2534 vir
389 2480 477 2535 locum
488 2481 642 2536 Aristotelis
660 2481 721 2535 inda
740 2498 756 2536 a
774 2481 871 2550 verbis,
890 2480 940 2552 Εἴη
958 2483 982 2533 δ’
1002 2481 1034 2533 ἂν
1053 2486 1144 2545 τοῦτο,
1162 2488 1235 2536 recte

233 2550 428 2618 interpretatus
446 2553 495 2617 est,
514 2549 595 2603 etiam
613 2548 700 2604 Iliada
717 2557 745 2603 et
762 2550 908 2618 Odysseam
927 2550 1166 2620 εὐσυνοπτοτέρας
1177 2549 1235 2604 fore

232 2618 341 2688 putavit
358 2617 467 2671 criticus
484 2617 666 2686 philosophus,
684 2617 719 2672 ad
736 2618 844 2672 tertiam
862 2623 966 2686 partem
978 2633 1104 2671 versuum
1115 2623 1236 2672 contrac-

228 2687 283 2742 tas.
312 2685 391 2753 Quod
409 2684 517 2753 quidem
534 2686 811 2754 argumentationibus
823 2687 921 2740 nostris
933 2685 1236 2741 accommodatissimum

235 2760 315 2810 esset.
352 2753 411 2808 Nec
435 2769 468 2807 ea
492 2755 624 2809 sententia
646 2755 752 2808 omnino
776 2754 886 2822 indigna
904 2760 946 2808 est
962 2754 1123 2822 Aristotele,
1147 2769 1236 2821 neque

236 2822 349 2892 reliquis
367 2821 520 2890 praeceptis
538 2823 595 2876 eius
613 2823 755 2890 contraria,
774 2822 941 2892 probataque
953 2837 1041 2889 nuper
1059 2822 1140 2875 etiam
1158 2822 1237 2875 alteri

236 2891 380 2959 interpreti
397 2889 470 2944 illius
488 2891 584 2958 operis,
611 2890 684 2969 Pyeo
702 2890 730 2944 in
749 2890 895 2944 Commeat.
914 2906 940 2958 p.
959 2895 1017 2945 458.
1052 2889 1148 2959 Neque
1166 2906 1236 2945 nunc

235 2960 331 3015 doctus
350 2958 500 3028 quisquam,
518 2958 668 3012 summariis
686 2959 846 3028 Cypriorum
863 2963 892 3012 ct
908 2973 1008 3026 parvae
1027 2957 1120 3011 iliadis
1138 2974 1236 3038 magno

234 3028 415 3083 emolumento
433 3026 529 3080 harum
546 3027 697 3080 litterarum
714 3027 867 3096 publicatis,
896 3025 931 3079 ad
948 3025 1056 3080 Ducerii
1074 3032 1236 3080 sententiam

234 3095 393 3163 accesserit,
418 3095 464 3162 qui
490 3109 587 3148 nomen
609 3106 718 3147 veterem
744 3095 761 3148 1.
774 3111 797 3149 c.
821 3094 925 3148 odilla
949 3094 1074 3148 Carmina
1091 3093 1236 3148 referebat.

233 3162 286 3220 Sed
305 3163 359 3218 duo
377 3161 627 3230 interpretationem
640 3163 710 3216 illius
722 3162 775 3217 loci
787 3162 895 3217 dubiam
907 3162 1017 3231 faciunt,
1035 3163 1151 3231 primum
1165 3162 1237 3230 quod

232 3233 266 3289 de
284 3233 451 3301 reliquorum
469 3231 551 3295 ἐπῶν,
568 3237 631 3285 ante
648 3231 822 3286 Aristotelem
839 3231 960 3298 proxime
978 3230 1111 3285 editorum
1122 3231 1237 3299 longitu-

232 3301 295 3356 dine
314 3300 412 3355 incerti
430 3314 534 3367 sumnr,
557 3304 614 3352 tum
633 3298 705 3367 quod
727 3300 872 3369 nescimus,
898 3299 962 3368 quid
985 3299 1013 3353 in
1036 3299 1140 3366 tragica
1157 3313 1237 3353 scena

232 3370 315 3424 luerit
337 3369 388 3433 pia
411 3367 445 3419 ἀκ
466 3368 548 3427 όασις.
584 3366 630 3434 [ol.
648 3368 788 3422 Boeckh
812 3366 845 3420 de
863 3375 932 3436 trag.
951 3367 997 3423 Gr.
1015 3384 1042 3437 p.
1060 3367 1132 3446 208]
1166 3365 1236 3421 Nam
1326 3385 1332 3395 ¹

232 3386 468 3506 progeniebus,
485 3439 527 3490 56.
545 3435 769 3504 auetoritaspost
781 3435 993 3491 emendationem
1005 3435 1166 3514 amburit
1184 3435 1237 3488 ista

251 3512 352 3560 uatuor
369 3504 479 3558 nomina
495 3503 626 3558 festorum
644 3503 679 3557 ad
696 3505 845 3573 marginem
863 3505 1021 3572 relegentis,
1044 3501 1172 3580 adhiberi·
1182 3515 1237 3571 nen

233 3523 366 3641 debebam
390 3572 445 3626 alia
471 3587 534 3626 vero
558 3572 706 3627 auctoritas
729 3573 821 3642 deest,
846 3589 901 3641 qua
925 3573 982 3626 sine
1000 3570 1098 3625 erroris
1115 3571 1236 3646 periculo

233 3643 338 3697 nitaris.
376 3639 452 3695 Gonf.
470 3638 645 3694 Bartbelemii
673 3641 742 3696 Diss.
771 3642 801 3695 in
818 3641 930 3698 Memor.
948 3639 1032 3694 Acad.
1050 3637 1186 3701 Inscmptt.
1204 3636 1235 3689 T.

234 3709 361 3766 XXXIX.
392 3708 446 3762 Hic
463 3712 551 3762 autem
570 3706 604 3763 ad
622 3710 791 3765 coniecturas
810 3708 963 3777 confugere,
990 3705 1041 3760 etsi
1058 3717 1177 3758 summae
1195 3704 1237 3757 rei

232 3786 343 3836 nostrae
360 3774 526 3846 profuturas,
543 3792 597 3833 non
613 3785 699 3834 vacat.

1058 3863 1088 3906 ψ
