3034 4434
684 553 865 605 ..12-

272 702 386 775 generis
406 701 543 773 reliquias
564 700 701 772 colligere
721 701 808 772 plane
829 703 957 774 oportuit
977 718 1052 770 eum,
1073 700 1122 771 qui
1137 701 1277 773 integrio-

270 795 332 836 rem
352 784 462 837 textum
482 777 658 848 requirebat.
700 777 810 849 Quodsi
830 779 901 836 illud
921 779 1064 837 industrie
1091 775 1163 849 feci,
1189 783 1280 848 atque

271 855 382 914 nullum
410 855 524 927 neglexi
544 854 651 925 locum,
677 855 754 912 unde
781 854 856 913 hanc
880 857 1078 913 recensionem
1103 855 1279 913 limatiorem

273 932 440 1005 redderem,
460 932 530 989 nihil
550 930 620 988 mihi
639 931 817 989 laboravisse
837 933 955 1005 videor,
975 938 1180 1006 praeterquam
1201 931 1280 1002 quod

233 1017 322 1067 21res
342 1011 406 1083 ipsa
427 1009 565 1081 exigeret.
604 1007 725 1066 Minime
747 1024 817 1080 ergo
838 1025 952 1081 querar,
972 1016 1110 1080 quantum
1123 1008 1279 1067 molestiae

271 1086 453 1145 exhauserim
478 1088 507 1143 in
536 1085 591 1144 hoc
619 1091 680 1143 tam
704 1085 882 1144 diversarum
908 1103 1005 1144 rerum
1030 1092 1150 1158 paratu,
1178 1085 1208 1141 in
1234 1090 1281 1143 tot

270 1163 458 1237 scriptoribus
483 1162 702 1236 pervolvendis,
727 1163 757 1219 in
784 1163 917 1235 legendis
943 1170 973 1221 et
996 1163 1103 1236 partim
1129 1162 1279 1225 reconcin-

270 1241 374 1298 nandis
395 1240 531 1311 Scholiis,
558 1246 646 1310 atque
666 1240 695 1297 in
717 1240 913 1311 conquirenda
941 1247 970 1298 et
995 1238 1168 1298 excutienda
1194 1244 1280 1296 tanta

271 1323 302 1375 et
320 1333 463 1390 persaepe
483 1317 577 1374 inutili
597 1315 743 1388 farragine
765 1318 925 1389 glossarum
951 1322 981 1376 et
1006 1317 1171 1375 lectionum.
1219 1315 1280 1372 Na·

270 1397 335 1452 vavi
354 1395 461 1467 libem,
489 1393 579 1466 quod,
601 1395 799 1465 qualecunque
819 1394 937 1465 navam,
963 1399 992 1451 et
1012 1393 1049 1451 ad
1069 1409 1163 1450 meam
1185 1392 1278 1465 ipsius

270 1472 435 1529 utilitatem.
474 1471 518 1528 Ac
537 1487 573 1528 ne
592 1470 666 1528 haec
686 1471 802 1542 quidem
822 1470 859 1529 de
892 1470 996 1528 studiis
1020 1471 1092 1527 meis
1117 1467 1278 1542 praefarer,

273 1549 331 1606 nisi
349 1542 420 1606 mihi
440 1549 515 1607 ratio
536 1549 598 1605 eius
619 1549 715 1620 operis
741 1547 892 1606 reddenda
917 1555 1007 1620 esset,
1034 1548 1063 1603 in
1090 1562 1146 1617 quo
1173 1546 1276 1604 alienis

269 1624 417 1684 laboribus
437 1623 493 1682 frui
514 1641 570 1683 non
589 1625 699 1683 liceret.
740 1624 767 1682 A
793 1627 949 1684 iactatione
976 1624 1137 1681 industriae
1162 1627 1277 1680 tantum

271 1702 381 1774 absum,
402 1707 511 1760 utnon
531 1707 590 1759 tam
611 1700 691 1759 laudi
710 1702 781 1760 mihi
801 1702 866 1760 dari
885 1703 1015 1775 cupiam,
1036 1702 1062 1758 si
1081 1701 1278 1758 necessariam

270 1796 389 1854 operam
410 1794 467 1838 non
487 1778 683 1847 detrectarim,
705 1793 791 1848 quam
811 1779 898 1848 vitio,
919 1779 943 1834 si
966 1779 1011 1834 vel
1032 1778 1125 1833 minus
1146 1781 1226 1833 recte
1249 1777 1279 1832 in

271 1858 381 1915 casim
402 1861 548 1925 versatus,
569 1854 614 1910 vel
635 1853 791 1924 quidquam
812 1859 909 1910 certae
930 1853 1125 1910 emendationi
1144 1852 1279 1924 profutu-

272 1948 335 1989 rum
356 1947 509 1990 omiserim.

725 2081 808 2154 Vll.

329 2233 443 2292 Etenim
465 2233 535 2292 illud
555 2233 625 2292 mihi
646 2251 733 2293 unum
760 2238 940 2310 propositum
966 2234 1021 2293 fuit
1044 2237 1217 2310 praecipue,
1243 2245 1279 2295 ut

271 2317 382 2370 textum
396 2311 515 2370 Homeri
536 2311 573 2369 ad
593 2327 722 2370 normam
737 2314 869 2373 eruditae
884 2314 1064 2385 antiquitatis
1079 2314 1274 2386 emendarem,

268 2395 359 2460 atque
380 2405 444 2447 eum
464 2389 574 2461 verbis,
600 2390 846 2463 interpunctione,
868 2391 1047 2462 accentibus,
1074 2407 1165 2463 prope
1186 2391 1277 2449 talem

272 2465 445 2539 exhiberem,
467 2467 560 2538 qualis
581 2483 617 2525 ex
635 2469 852 2527 recensionibus
873 2469 941 2527 olim
960 2468 1172 2541 probatissimis
1192 2466 1277 2526 retic-

271 2548 328 2616 tus,
348 2544 504 2602 sitantum
525 2560 643 2616 sperare
664 2543 708 2603 fas
729 2553 783 2618 est,
804 2545 935 2617 Longino
949 2545 1035 2602 alicui
1050 2561 1102 2601 seu
1117 2545 1167 2601 alii
1181 2546 1276 2602 veteri

265 2620 393 2694 *Oritico,
420 2622 469 2692 qui
495 2622 586 2694 copiis
605 2621 867 2681 Alexandrinorum
886 2622 979 2694 perite
1000 2620 1206 2692 moderateque
1231 2623 1276 2678 uti

271 2699 374 2768 sciret,
399 2699 470 2755 satis
495 2698 653 2770 placiturus
680 2697 770 2755 inisse
795 2697 951 2754 videretur.
991 2697 1055 2755 Hoc
1075 2697 1144 2767 quid
1164 2699 1209 2755 rei
1236 2700 1277 2755 eit

271 2780 359 2844 atque
380 2774 501 2845 consilii,
522 2780 553 2830 et
573 2789 644 2844 quas
664 2774 694 2830 in
714 2789 749 2832 eo
770 2774 898 2831 rationes
912 2779 1029 2831 secutus
1043 2775 1104 2846 sim,
1127 2774 1279 2832 Commen-

271 2850 339 2907 tarii
359 2850 482 2906 materia
502 2854 563 2920 est,
584 2865 640 2908 non
660 2847 864 2908 Praefationis.
904 2851 978 2908 Nam
999 2851 1024 2907 si
1044 2867 1100 2909 non
1121 2852 1213 2909 solum
1233 2853 1276 2908 in-

271 2924 422 2983 doctorum
438 2926 599 2983 calumnias
620 2941 767 2999 amovere,
796 2927 848 2985 sed
868 2929 948 3001 ipsas
968 2943 1071 2984 causas
1090 2928 1217 2986 instituti
1237 2928 1275 2986 ad

233 3027 258 3066 22
272 3001 411 3073 liquidum
432 3001 593 3074 perducere
613 3003 708 3075 velim,
728 3005 828 3076 multa,
850 3019 926 3076 quae
946 3004 1113 3076 vulgaribus
1129 3004 1276 3064 erroribus

271 3078 464 3151 implicantur,
485 3078 523 3137 ad
543 3095 641 3137 verum
661 3081 826 3139 revocanda
845 3083 920 3152 sint3
940 3081 1007 3152 alia,
1028 3096 1102 3152 quae
1123 3087 1167 3140 tot
1186 3082 1275 3140 libro-

270 3172 334 3212 rum
359 3156 493 3214 interitus
522 3156 671 3229 obscurat,
701 3158 761 3215 alte
779 3159 914 3231 repetitis
934 3158 1079 3216 historicis
1100 3159 1275 3216 coniecturis

270 3232 457 3311 illustranda,
477 3234 630 3305 omniaque
650 3232 846 3293 confirmanda
866 3235 1018 3307 exemplis,
1039 3235 1076 3293 ad
1097 3251 1275 3294 communem

270 3308 493 3380 intelligentiam
517 3310 646 3368 delectis.
692 3311 734 3370 Ut
758 3328 828 3371 vero
855 3313 961 3371 clarius
988 3317 1144 3384 appareat,
1170 3312 1275 3384 quibus

270 3385 450 3458 potissimum
470 3388 635 3460 praeceptis
655 3393 776 3460 regatur
788 3388 944 3448 Homerica
958 3388 1130 3461 emendatio,
1150 3389 1275 3447 maximo

271 3461 367 3520 studio
388 3462 417 3520 in
436 3463 574 3522 tralaticii
593 3468 690 3522 textus
710 3467 884 3526 mutationes
904 3466 1010 3537 inquiri
1030 3471 1154 3540 oportet,
1175 3482 1275 3524 recen-

271 3538 369 3597 sendis
388 3536 514 3598 fontibus
536 3545 566 3598 et
585 3542 684 3599 rivulis
705 3557 820 3615 earum,
850 3544 898 3615 qui
918 3543 964 3600 vel
984 3543 1052 3602 olim
1076 3549 1274 3613 manaverunt,

271 3616 318 3674 vel
339 3616 425 3674 etiam
446 3617 533 3676 hodie
552 3623 662 3689 patent.
702 3619 736 3677 In
756 3618 812 3676 hac
830 3619 943 3678 infinita
967 3621 1051 3693 copia
1076 3635 1173 3678 rerum
1200 3636 1275 3677 nunc

271 3709 306 3752 eo
327 3699 393 3752 utar
412 3699 653 3767 temperamento,
674 3701 707 3754 ut
727 3696 898 3768 gravissima
917 3713 1050 3769 quaeque
1070 3703 1101 3754 et
1119 3697 1275 3755 utilissima

270 3771 370 3842 paucis
391 3786 548 3844 exsequar,
568 3787 621 3829 nec
641 3773 751 3846 ipsum,
778 3789 862 3844 quem
882 3775 1030 3846 ingressus
1051 3789 1129 3846 sum,
1150 3790 1274 3845 cursum,
