3034 4434
621 541 806 618 -37-Ι

211 697 271 756 solis
289 697 433 757 Romanis
453 695 653 770 tribuaturu),
673 713 709 756 ae
729 697 753 756 si
774 698 821 756 cui
841 696 916 758 forte
936 701 1064 773 placebit
1083 702 1145 760 eius
1165 718 1212 764 co-

210 775 280 846 piam
298 775 447 848 praebere
465 774 553 846 Mosi,
580 779 613 833 ut
631 776 697 848 ipse
715 774 946 834 Pentateuchum
966 777 1155 852 contexatstl,
1175 796 1211 840 ne

210 851 321 910 linteam
341 851 461 924 quidem
480 850 575 910 Iliada
594 851 678 911 nobis
697 849 862 922 contingere
880 853 960 912 lieet.
991 855 1094 926 ltaque
1114 855 1212 917 admo-

210 928 271 986 dum
290 928 470 988 inconditam
490 933 584 987 artsm
602 929 742 986 mansisse
755 934 880 1001 apparet
894 934 925 987 et
936 931 1115 990 rarissimum
1129 950 1212 993 usum

212 1005 279 1074 eius,
299 1010 457 1078 antequam
478 1020 543 1063 eam
563 1005 594 1062 in
606 1005 700 1065 ovillis
712 1005 759 1063 uel
773 1006 899 1078 caprinis
913 1007 1038 1080 pellibus
1052 1011 1212 1082 procedere

212 1082 441 1141 animadversum
456 1086 529 1141 erat
549 1081 583 1140 Id
597 1087 694 1141 autem
708 1081 745 1140 ab
758 1082 877 1141 Ionibus
890 1083 1054 1143 institutum
1064 1086 1211 1148 luculento

210 1159 284 1231 loco,
310 1175 397 1230 quem
417 1159 573 1231 aliquoties
591 1159 762 1231 memoravi,
796 1157 887 1218 refert
905 1159 1088 1234 Herodotus3
1119 1179 1211 1237 eaque

211 1234 261 1294 luit
280 1252 339 1295 una
357 1252 416 1308 res,
443 1250 520 1309 quae
540 1235 700 1294 scribendis
720 1235 802 1294 libris
822 1237 1070 1309 opportunitatem
1089 1240 1212 1300 baberet

212 1312 397 1384 antiquiorem
418 1310 544 1372 fortasse
554 1328 674 1385 papyro.
707 1313 783 1371 Nam
797 1313 873 1383 quod
887 1313 965 1372 idem
978 1321 1079 1375 auctor
1091 1318 1211 1379 mentio-

211 1405 270 1448 nem
294 1387 366 1448 iacit
391 1395 557 1448 ceratarum
586 1388 751 1448 tabularum
761 1387 814 1461 ²⁶),
840 1406 876 1449 en
899 1390 944 1449 his
965 1398 1045 1450 certe
1064 1394 1211 1454 volumina

213 1472 239 1525 et
256 1466 324 1525 libri
344 1465 546 1526 conficinullo
565 1471 652 1538 pacto
672 1471 838 1539 potuerunt.

661 1659 766 1736 XVI.

284 1814 326 1874 At
346 1831 423 1888 vero,
445 1815 471 1873 si
492 1815 542 1874 diu
556 1822 623 1875 aute
638 1816 767 1876 chartam
780 1815 989 1888 Pergamenum
999 1816 1104 1876 redere
1117 1818 1208 1892 pelles
1222 1834 1248 1874 ca
1336 1870 1349 1886 ,

214 1891 296 1950 etad
316 1892 501 1951 scribendum
520 1899 624 1966 aptare
638 1893 735 1966 coepit
746 1893 839 1962 Ionia,
858 1892 992 1964 idemque
1007 1895 1139 1968 populus,
1160 1896 1210 1967 qui

213 1968 316 2040 primus
338 1967 475 2028 Carmina
494 1970 658 2043 perpolivit,
679 1969 887 2042 expeditiorem
900 1970 1051 2029 materiam
1065 1972 1210 2031 scribendi

215 2051 386 2104 commentus
406 2051 462 2119 est,
483 2046 552 2117 quid
573 2047 746 2120 quaerimus,
768 2046 853 2117 quale
874 2062 965 2118 genus
979 2064 1076 2106 rerum
1089 2065 1210 2108 exaran-

211 2121 251 2182 dis
271 2123 330 2181 suis
353 2121 535 2187 Carminibus
554 2124 703 2197 usurparit
723 2129 804 2182 vates
823 2123 961 2182 Ionicus?
990 2122 1133 2185 Videlicet

362 2197 435 2256 θῖῶν
455 2195 537 2256 πώεα
556 2198 632 2258 καλὰ
651 2197 700 2256 καὶ
719 2195 831 2256 αἰπόλια
849 2194 953 2258 πλατέ’
971 2199 1067 2279 αἰγῶν.

211 2275 351 2334 Vellemus
372 2275 571 2336 tantummodo
592 2277 623 2336 id
643 2276 800 2336 adiecisset
812 2276 987 2349 Herodotus,
1008 2295 1064 2351 quo
1078 2285 1208 2354 tempore

211 2367 241 2411 ea
265 2353 446 2412 consuetudo
466 2352 567 2412 Ionum
586 2351 765 2426 frequentari
785 2355 922 2426 coeperit.
963 2354 1131 2426 Quanquam
1151 2371 1208 2414 non

210 2429 319 2488 uidetur
339 2428 426 2488 valde
445 2428 631 2502 frequentata
650 2428 757 2502 fuisse,
783 2430 808 2488 si
828 2429 944 2502 quidem
964 2427 1099 2488 facillime
1120 2431 1208 2488 cessit

210 2505 323 2567 chartae
343 2523 536 2581 papyraceae.
575 2507 730 2567 Enimvero
743 2506 834 2578 illum,
854 2505 976 2564 simodo
990 2506 1065 2564 aliae
1079 2507 1207 2564 rationes
1280 2554 1283 2559 .

210 2583 333 2656 siverint,
354 2599 412 2642 non
432 2583 537 2657 cupide
556 2583 822 2657 interpretabimur,
847 2583 872 2640 si
891 2582 967 2641 hunc
986 2598 1068 2640 usum
1087 2581 1206 2654 pellium

209 2660 256 2719 sub
284 2660 426 2734 epocham
447 2660 657 2733 Olympiadem
668 2661 815 2719 inductum
840 2659 1004 2730 credamus,
1030 2663 1060 2717 et
1084 2658 1207 2733 petitum

209 2736 240 2795 ab
261 2736 469 2809 Orientalibus,
489 2737 568 2811 apud
587 2754 668 2810 quos,
689 2743 722 2796 ut
741 2737 814 2795 alias
832 2736 971 2808 quasdam
984 2735 1124 2794 barbaras
1138 2750 1207 2808 gen·

208 2819 256 2886 tes,
269 2814 397 2872 invaluit
407 2814 523 2888 penitus
538 2819 567 2873 et
580 2814 741 2873 diutissime
754 2814 856 2886 viguit.
877 2812 934 2872 Sed
949 2813 1065 2871 utillud
1078 2827 1207 2886 sumpse·

207 2891 251 2963 ris,
272 2890 352 2963 quod
372 2896 403 2948 te
423 2888 520 2949 iacere
540 2899 645 2964 cogent
664 2891 779 2950 collecti
800 2891 903 2948 calculi
923 2890 1037 2962 reliqui,
1058 2895 1206 2948 tamenne

207 2970 270 3026 tune
281 2967 401 3040 quidem
415 2967 580 3042 expeditam
593 2984 654 3026 rem
669 2973 699 3026 et
712 2968 860 3040 vulgarem
873 2965 980 3025 iactam
991 2982 1064 3040 esse,
1077 2968 1205 3039 ipsarum

270 3128 308 3193 Β4)
327 3127 372 3184 Sic
389 3125 509 3196 intellige
526 3127 606 3181 Plinii
623 3127 641 3181 l.
659 3127 691 3193 l.,
715 3143 769 3195 quo
792 3127 835 3180 usi
861 3141 952 3180 sumus
969 3125 997 3178 in
1014 3124 1056 3180 his
1074 3124 1205 3192 omnibus,

208 3210 272 3265 quae
296 3196 331 3251 de
354 3195 542 3251 instrumentis
566 3196 672 3264 priscae
697 3197 848 3263 scripturae
866 3195 1041 3262 disputamus.
1076 3192 1205 3262 Reliquos

207 3263 275 3320 locos
291 3264 346 3319 hac
364 3262 397 3317 dc
415 3278 457 3331 re,
483 3270 511 3316 et
534 3262 682 3332 singulares
706 3263 788 3318 libros
814 3263 932 3317 uirorum
950 3262 1102 3330 doctorum,
1121 3267 1205 3315 testes

208 3334 324 3387 excitare
342 3330 410 3385 mbil
428 3332 532 3386 attinet.

279 3418 316 3488 ²⁵)
344 3416 414 3472 Vide
432 3432 497 3485 prae
516 3418 613 3472 esteris
630 3415 789 3472 Eichhornii
807 3415 908 3472 Introd.
935 3417 964 3470 in
981 3414 1014 3468 V.
1041 3415 1115 3470 Test.
1137 3415 1168 3469 T.
1181 3416 1204 3469 1.

208 3486 485 3554 pffisspm

271 3574 309 3637 ll⁶)
326 3571 388 3626 vn.
407 3577 474 3626 extr.
493 3572 521 3625 in
537 3571 650 3626 historia
668 3570 815 3638 Demarati,
833 3570 905 3638 regis
923 3569 1123 3638 Spartanorum.
1151 3565 1204 3620 Sed

209 3639 270 3695 illud
294 3640 333 3694 ibi
359 3657 413 3695 non
436 3638 515 3694 affert
532 3647 563 3694 ut
580 3656 686 3694 novum,
723 3639 819 3693 Geram
837 3648 927 3692 autem
945 3638 1027 3691 etiam
1043 3637 1072 3689 in
1089 3634 1204 3702 pellibus

210 3709 430 3846 {dhgbitlzffiesse
447 3708 588 3778 aprriis,
606 3708 742 3777 ingeniose
761 3707 875 3762 coniecit
886 3704 1037 3760 Hemsterh.
1055 3701 1090 3756 ad
1103 3701 1203 3755 Polluo.
