3034 4434
681 485 808 580 ¹-1eo
835 520 887 560 -'

233 689 273 733 aso
285 674 322 734 de
341 675 394 748 his,
415 691 486 746 quos
506 674 640 746 vulgares
658 672 772 731 librarii
791 678 890 732 nostro
911 675 1006 732 textui
1023 675 1180 733 inculcant
1211 676 1287 735 llam

286 752 355 825 quid
374 752 439 810 illos
459 750 586 822 afferam,
612 750 661 821 qui
681 750 760 823 apud
779 750 998 824 Hippocratem,
1024 750 1187 823 Platonem,
1204 753 1287 812 Stra·

233 829 397 902 ambonem,
418 827 490 886 alios
510 828 654 900 leguntur,
674 833 812 898 tanquam
831 827 899 886 olim
919 828 991 886 lecti
1004 828 1035 887 in
1048 827 1216 901 ordinessl‘l
1236 830 1288 890 At-

288 976 492 990 *—
512 979 514 984 .

285 1058 382 1112 mulier
399 1055 552 1109 iudicatura
570 1053 673 1123 fuisset,
692 1054 715 1108 si
733 1069 825 1108 omnes
843 1053 906 1108 olim
918 1068 935 1107 a
947 1054 1054 1109 Griticis
1071 1055 1190 1109 reiectae
1205 1056 1286 1110 inter-

285 1126 436 1195 polationes
447 1139 518 1178 nunc
531 1129 622 1177 essent
632 1123 660 1176 in
673 1128 758 1176 textu.
789 1124 827 1175 At
839 1122 988 1191 quaerebat
999 1131 1138 1189 eapoetam
1149 1126 1283 1192 insacrum,

286 1210 365 1265 quern
383 1209 431 1247 nos
449 1191 616 1261 requirimus.
653 1189 730 1257 Quod
748 1198 839 1244 autem
857 1190 980 1245 librarios
998 1191 1098 1260 culpat,
1116 1208 1185 1260 quos
1203 1191 1289 1248 dicit?

285 1279 400 1344 quorum
416 1259 586 1329 temporum?
604 1258 674 1313 Nam
691 1258 753 1312 illae
772 1258 927 1313 omissiones
944 1260 1028 1313 multo
1047 1266 1110 1313 sunt
1127 1262 1290 1315 vetustiores

285 1331 402 1385 hbrariis
419 1338 570 1384 nostrarum
588 1327 812 1394 membranarum,
830 1343 943 1395 quarum
961 1326 1124 1395 cubadum,
1142 1329 1195 1382 etsi
1211 1328 1289 1382 undi-

286 1415 339 1469 que
357 1403 512 1453 contractae
531 1402 607 1464 sunt,
631 1411 664 1449 ne
694 1411 777 1448 unum
801 1395 908 1463 quidem
926 1412 1033 1448 versum
1050 1397 1165 1464 protulit
1181 1414 1288 1465 norum,

305 1483 366 1521 uem
388 1467 417 1520 in
439 1465 593 1520 recensione
611 1464 763 1517 Aristarchi
785 1463 867 1517 luisse
889 1464 1011 1533 locuples
1037 1464 1115 1518 testis
1139 1464 1289 1534 confirmat,

286 1537 350 1591 hcet
367 1534 452 1588 additi
469 1549 561 1589 uersus
578 1532 677 1601 partim
694 1530 758 1586 boni
775 1532 836 1600 sint,
854 1532 953 1600 partim
971 1532 1132 1587 tolerabiles
1163 1533 1235 1588 Nam
1244 1534 1291 1588 ad-

286 1603 373 1661 dendo
392 1601 526 1656 interdum
544 1617 597 1655 non
614 1600 760 1654 infeliciter
777 1601 905 1669 luserunt,
923 1599 1035 1668 perinde
1053 1608 1084 1654 ut
1101 1601 1210 1669 saepius
1227 1617 1290 1670 peo-

286 1678 383 1731 carunt
400 1670 559 1738 omittendo,
588 1668 685 1738 singuli
702 1669 730 1722 in
747 1668 873 1738 singulis3
901 1685 955 1722 non
979 1685 1071 1724 omnes
1088 1669 1121 1722 de
1140 1677 1289 1739 compacto.

287 1742 331 1795 Ita
348 1755 450 1808 uersus,
468 1755 548 1807 quem
565 1738 645 1791 Barn.
664 1753 699 1790 ex
717 1737 897 1792 Grammatico
915 1735 999 1790 infimi
1014 1739 1074 1791 aevi
1091 1737 1242 1804 (Herodoto
1255 1738 1290 1792 de

286 1809 353 1865 Vita
369 1808 460 1874 Hom.)
478 1814 540 1875 post
559 1810 615 1860 153.
634 1825 659 1858 a.
678 1804 813 1873 Odysseae
831 1805 946 1873 infersit,
964 1807 1078 1860 omissus
1095 1806 1182 1860 videri
1198 1813 1290 1875 potest

286 1878 315 1932 in
338 1877 414 1932 codd.
438 1875 559 1928 omnibus
577 1874 611 1928 ob
628 1873 754 1942 principii
777 1873 976 1927 similitudinem
999 1890 1059 1928 cum
1084 1874 1221 1942 proximo;
1242 1874 1290 1942 qui

288 1961 363 2000 error
388 1942 618 2011 frequentissimus
644 1949 684 1994 est
706 1942 735 1995 in
759 1942 987 2009 ὁμοιστελεότοις,
1015 1943 1131 1996 maxime
1154 1943 1182 1996 in
1210 1943 1288 1998 codd.

287 2010 422 2066 Vindobb.
441 2010 599 2064 Barnesium
623 2015 712 2062 tamen
730 2010 907 2078 probabiliter
932 2010 1135 2078 reprehendunt
1152 2011 1240 2064 Clark.
1258 2017 1288 2064 et

286 2079 446 2145 Wesseling.
470 2094 496 2145 p.
516 2078 574 2132 756.
610 2079 648 2129 At
673 2093 737 2131 vero
759 2078 840 2132 istum
861 2094 968 2132 versum
986 2078 1094 2133 anullo
1112 2086 1234 2133 veterum
1249 2079 1290 2134 rbi

288 2149 388 2202 lectum
407 2160 473 2212 esse,
491 2152 561 2199 teste
579 2145 684 2198 vincam
703 2151 762 2200 tota
779 2147 889 2201 cohorte
902 2146 1151 2216 Grammaticorum,
1170 2148 1217 2215 qui
1227 2163 1287 2202 con·

288 2222 393 2269 stanter
411 2220 437 2267 et
455 2230 508 2268 uno
527 2230 573 2268 ore
590 2213 760 2282 praecipiunt
788 2215 821 2268 de
839 2214 926 2283 figura
944 2216 1142 2285 ἐπαναλήψεως
1159 2232 1181 2269 s.
1199 2216 1289 2269 παλιλ-

288 2284 377 2352 λογίας
389 2304 395 2334 :
409 2280 463 2334 Ὀτι
481 2283 509 2333 ἐν
530 2279 614 2334 Ἰλιάδι
633 2300 698 2334 συνε
718 2289 756 2343 ὤς
774 2286 834 2342 ταῖς
851 2283 1037 2352 ἐπαναλήψεσι
1054 2286 1104 2355 κέχ
1142 2302 1196 2352 ται,
1215 2284 1242 2337 ἔν
1255 2302 1288 2337 τε

287 2351 424 2422 Ὀδυσσείᾳ
442 2349 545 2413 ἅπαξ,
564 2370 589 2404 α,
607 2356 649 2405 23.
667 2301 797 2411 didiceras
832 2382 864 2391 -
900 2369 926 2405 v.
946 2351 1043 2407 Scholl.
1063 2360 1092 2406 et
1134 2359 1186 2406 ust.
1205 2353 1240 2407 ad
1256 2352 1288 2407 Π.

290 2423 388 2482 4154.
408 2440 431 2473 c.
451 2421 510 2475 372.
529 2426 579 2473 etc.
614 2419 750 2472 Notarunt
766 2421 818 2474 hoc
835 2436 942 2488 quoque
960 2422 1049 2488 Intpp.
1068 2421 1096 2473 in
1114 2421 1287 2475 Aristaroheo

289 2491 406 2544 Homero
424 2489 524 2542 versati
541 2488 723 2542 Masorethica
741 2504 814 2553 cura,
832 2495 960 2542 notarunt
977 2490 1036 2555 hoc,
1054 2489 1172 2558 inquam,
1195 2490 1224 2543 ni
1241 2489 1289 2543 ial-

289 2559 339 2618 lor.
357 2566 470 2625 propter
487 2558 569 2616 τοὺς
583 2556 812 2628 χωρίζοντας,
831 2558 877 2624 qui
894 2572 948 2610 non
957 2558 1119 2625 spernebant
1130 2565 1287 2626 argumenta

289 2627 369 2694 talia,
397 2643 478 2693 quum
502 2625 626 2692 graviora
647 2631 831 2693 suppeterent.
867 2625 993 2678 Ceterum
1016 2641 1093 2680 nemo
1117 2625 1224 2695 rideat,
1241 2641 1287 2680 cur

289 2694 370 2748 Barn.
390 2710 496 2747 versum
514 2692 639 2748 habuerit
656 2696 825 2745 trecenarium
837 2694 867 2743 cb
878 2697 1052 2748 oeconomiam.
1078 2695 1130 2761 An,
1148 2701 1180 2747 ut
1191 2696 1287 2748 iterato

292 2760 398 2814 Phemii
415 2762 521 2815 nomine
539 2768 621 2828 poeta
639 2776 687 2814 nos
705 2769 809 2814 mature
827 2759 943 2815 adducat
959 2763 994 2816 ad
1005 2763 1217 2816 misericordiam
1228 2779 1287 2817 can·

290 2829 366 2892 toris,
386 2845 464 2895 quom
482 2830 601 2897 imperiis
618 2845 759 2896 procorum
778 2837 900 2883 coactum
918 2830 1045 2884 cecinisse
1063 2830 1147 2884 dicit?
1174 2831 1288 2897 Scilicet,

291 2893 337 2946 ἵνα
357 2899 437 2967 σωθῇ
455 2897 483 2948 ἐν
503 2901 539 2968 τῇ
556 2895 613 2967 Μνη
666 2898 795 2968 ῥοφονίᾳ,
823 2903 853 2951 ut
871 2898 909 2951 ait
925 2899 966 2952 br.
985 2898 1071 2953 Schol.
1089 2899 1160 2952 Hem
1179 2915 1288 2956 oecono-

291 2963 372 3017 miam
390 2971 487 3031 poetae
507 2975 533 3018 et
548 2981 627 3020 nasos
670 2966 850 3020 raeculoruml

358 3049 393 3116 4⁶)
413 3049 491 3102 Certe
515 3065 549 3102 ex
567 3051 749 3118 recognitione
768 3053 810 3105 rel
828 3053 919 3119 potius
937 3067 971 3104 ex
989 3051 1091 3105 fabrica
1108 3051 1287 3119 Callisthenis,

290 3131 370 3185 quem
389 3131 470 3183 supra
481 3132 541 3171 cum
550 3118 695 3172 Aristotele
707 3120 850 3187 iunximus,
862 3120 989 3174 laudatur
999 3135 1092 3173 versus
1102 3136 1118 3172 a
1127 3120 1216 3177 Strab.
1227 3121 1286 3175 XII.

289 3202 318 3253 p.
338 3188 396 3237 542.
415 3186 495 3253 (817.)
513 3189 540 3237 in
558 3186 685 3255 catalogo
703 3197 765 3255 post
787 3193 847 3242 362.
876 3191 958 3256 (855.)
984 3191 1227 3258 διεσκευασμένος,
1258 3196 1287 3242 ut

291 3251 415 3317 arbitror,
434 3256 588 3304 oeconomica
607 3274 695 3317 causa,
710 3272 744 3308 ne
764 3256 875 3310 Cicones
895 3257 1027 3323 abessent,
1045 3259 1185 3310 memorati
1196 3278 1219 3310 κ.
1228 3261 1287 3312 429.

290 3326 318 3374 et
333 3340 355 3373 o.
369 3324 427 3374 329.
451 3321 493 3372 Ac
505 3335 568 3373 sane
579 3337 640 3374 eum
652 3325 781 3391 populum
794 3325 881 3377 omitti
893 3325 1059 3378 mirabantur
1070 3325 1184 3394 posthac
1195 3327 1285 3394 Intpp.

291 3389 345 3443 Sed
362 3389 408 3459 qui
427 3395 553 3456 poterant
570 3405 660 3443 omnes
679 3392 849 3458 quaestiones
868 3394 980 3460 solvere,
997 3394 1069 3447 hunc
1087 3395 1242 3462 scrupulum
1250 3395 1285 3448 le·

288 3458 362 3513 viter
380 3455 538 3524 evellebant,
557 3463 604 3509 aut
621 3458 716 3513 calhde
735 3461 915 3515 occultabant.
945 3460 1016 3515 Vide
1025 3461 1131 3525 ,Scholl
1151 3463 1186 3516 ad
1205 3464 1231 3516 ll.
1248 3478 1284 3516 cc.

291 3530 319 3578 et
336 3525 413 3579 Eust.
452 3529 534 3578 ,359.
569 3523 660 3578 Etiam
683 3529 818 3596 antiquior
840 3545 898 3583 esse
921 3530 1030 3584 ridetur
1047 3529 1115 3584 alius
1132 3546 1226 3585 versus
1243 3547 1285 3598 ap.

290 3591 376 3648 Strab.
385 3541 461 3673 dei.
478 3609 503 3660 p.
514 3596 572 3647 626.
587 3595 667 3663 (929.)
679 3594 786 3650 additus
800 3598 886 3652 eidem
902 3598 986 3652 catal.
1000 3605 1062 3665 post
1077 3615 1100 3650 v.
1119 3601 1178 3655 373.
1197 3601 1284 3667 (866).

290 3659 375 3727 Quem
388 3678 458 3715 emm
468 3661 563 3716 Strabo
573 3667 833 3732 προςγεγραμμένον
845 3666 911 3720 dicit
925 3667 976 3719 ὑπὸ
988 3671 1077 3728 τινῶν,
1090 3682 1151 3720 eum
1160 3666 1285 3722 Eustath.

213 3764 215 3768 .
289 3744 317 3797 p.
326 3733 384 3784 366.
403 3746 437 3784 ex
449 3729 560 3784 Schohis
578 3731 641 3799 suia,
663 3730 707 3785 hic
724 3732 832 3800 quidem
849 3733 1024 3802 plenioribus,
1052 3734 1086 3789 ad
1103 3737 1284 3791 recensionem
