3034 4434
517 567 523 581 .
637 536 816 594 ..57-

669 772 795 848 xxu.
907 725 910 730 ’

297 922 355 981 Hic
376 938 499 996 prorsus
520 919 603 980 obliti
629 920 734 978 scrinia
753 926 853 981 nostra
867 928 898 979 ct
909 921 1107 994 bibliothecas,
1128 923 1231 994 quibus

232 1016 293 1058 nunc
312 999 482 1058 studiorum
508 998 713 1056 immortalitas
739 1003 863 1071 constat,
888 1000 1095 1058 transvolemus
1116 999 1182 1058 hino
1202 1002 1231 1059 in

234 1077 282 1135 alia
300 1081 437 1150 tempora
458 1080 488 1135 at
508 1076 538 1132 in
554 1075 643 1133 alium
655 1074 753 1133 orbem
767 1092 872 1148 rerum,
892 1075 942 1134 ubi
955 1080 999 1135 tot
1011 1077 1136 1149 inventa,
1157 1093 1231 1149 quae

234 1153 305 1213 nobis
325 1154 466 1212 videntur
485 1151 523 1212 ad
543 1152 631 1211 beato
651 1151 803 1210 vivendum
815 1153 980 1211 necessaria
994 1167 1066 1226 esse,
1087 1156 1232 1227 asapien-

233 1230 301 1289 tibus
321 1230 456 1290 omnibus
478 1235 507 1288 et
528 1230 624 1288 stultis
646 1229 863 1302 ignorabantur.
903 1229 998 1302 Quid?
1024 1231 1100 1301 quod
1125 1248 1162 1289 ne
1182 1249 1232 1291 no·

234 1309 308 1367 minis
328 1307 448 1380 quidem
468 1307 671 1366 immortalitas
692 1312 753 1364 tum
775 1323 937 1379 quenquam
957 1308 1107 1381 impellere
1127 1311 1231 1383 potuit,

233 1391 259 1444 ut
277 1387 305 1443 ei
324 1385 476 1445 duraturis
496 1384 687 1444 monumentis
708 1385 902 1458 prospiceret;
932 1385 1019 1456 idque
1048 1385 1085 1443 de
1105 1385 1231 1446 Homero

234 1462 356 1535 credere,
378 1467 482 1535 optare
498 1468 551 1534 est,
573 1477 630 1520 non
644 1459 729 1519 fidem
743 1458 849 1520 iacere.
880 1463 955 1520 Nam
968 1462 1018 1520 ubi
1031 1463 1056 1520 is
1069 1464 1122 1520 tali
1135 1463 1230 1523 studio

235 1556 259 1598 se
276 1541 372 1600 teneri
390 1537 555 1612 significati
570 1538 622 1597 ubi
635 1536 843 1611 professionem
854 1539 1003 1607 eiusmodi,
1017 1541 1123 1597 ceteris
1136 1541 1231 1613 poetis

234 1622 286 1675 tam
305 1615 498 1690 frequentem,
533 1614 603 1687 edit,
638 1620 689 1673 aut
709 1616 812 1674 callide
833 1615 1016 1674 dissimulat?
1051 1615 1230 1676 Carminibus

235 1695 343 1765 quidem
364 1694 478 1753 scelera
499 1698 529 1751 et
545 1693 698 1766 praeclara
710 1690 839 1752 facinora
848 1691 942 1751 famae
955 1692 1032 1751 tradi
1046 1709 1137 1770 saepo
1147 1710 1231 1766 prae·

234 1771 314 1844 dieat,
339 1776 372 1830 at
397 1770 475 1828 idem
495 1771 682 1829 novissimum
704 1769 827 1828 Carmen
847 1769 884 1828 ab
904 1769 1087 1829 audientibus
1107 1771 1231 1829 maxime

235 1848 370 1908 celebrari
395 1846 557 1920 fateturii).
598 1847 720 1906 Omnino
741 1848 930 1906 autemsatis
949 1847 1051 1905 habuit
1069 1847 1120 1905 illa
1139 1852 1230 1921 aetas,

236 1927 311 1996 quasi
331 1925 386 1984 sub
408 1926 524 1983 nutrice
545 1923 715 1995 ludendo⁵⁷)
742 1930 772 1982 et
793 1925 881 1982 divini
900 1925 1008 1997 ingenii
1028 1925 1166 1998 impetum
1186 1941 1230 1983 se-

236 2003 352 2074 quendo,
366 2018 414 2060 res
428 2001 636 2076 pulcherrimas
653 2002 779 2075 experiri
790 2007 820 2060 et
829 2002 867 2060 ad
878 2003 999 2061 aliorum
1009 2002 1230 2062 oblectationem

236 2079 373 2151 prodere:
387 2078 551 2138 mercedem
565 2079 590 2137 si
604 2096 689 2150 quam
703 2079 797 2152 petiit,
811 2080 930 2152 plausus
944 2077 998 2137 fuit
1013 2086 1042 2138 et
1051 2080 1114 2138 laus
1125 2096 1230 2152 aequa·
1243 2093 1268 2132 9⁵

236 2156 297 2215 lium
320 2156 500 2229 auditorum,
527 2156 670 2230 praemia,
695 2157 720 2214 si
746 2157 840 2229 poetis
860 2157 1017 2228 eredimus,
1044 2158 1229 2231 amplissima,

237 2233 374 2307 longeque
394 2232 524 2305 gratiora
544 2249 710 2306 papyracea
729 2233 953 2292 immortalitate.
993 2234 1108 2293 Etenim
1122 2240 1231 2306 quanta

237 2310 422 2370 admiratione
442 2315 503 2368 tum
524 2317 555 2368 et
573 2310 630 2384 ipsi
650 2315 731 2368 vates
753 2315 783 2367 et
802 2317 903 2369 cantus
924 2327 1022 2369 eorum
1036 2313 1149 2384 excepti
1163 2313 1229 2382 sint,

236 2393 353 2462 apparet
371 2388 478 2461 partim
499 2403 535 2445 ex
554 2387 590 2446 iis
602 2388 673 2446 locis
686 2386 834 2446 Homerici
856 2387 1008 2457 Carminis,
1027 2389 1076 2446 ubi
1094 2388 1229 2447 Phemius

235 2471 259 2522 et
266 2465 450 2524 Demodocus
464 2470 600 2524 canentes
614 2463 841 2536 inducunturib,
855 2465 962 2538 partim
976 2481 1011 2523 ex
1024 2465 1230 2526 iucundissimo
1323 2464 1328 2470 ’

236 2541 278 2602 illo
296 2558 430 2602 sermone
443 2542 582 2615 Platonis,
603 2543 633 2599 in
654 2558 710 2613 quo
723 2542 755 2601 lo
776 2542 938 2615 rhapsodus
956 2559 1058 2600 munus
1073 2550 1103 2601 et
1115 2559 1230 2602 scenam

237 2635 310 2678 suam
324 2619 474 2678 describit.
507 2621 582 2679 Nam
596 2620 671 2678 sieut
682 2618 728 2677 hio
742 2624 805 2678 arte
820 2619 943 2691 quadam
958 2617 1071 2678 efficere
1085 2637 1116 2679 sc
1130 2620 1230 2693 iactat,

216 2710 221 2714 ’
238 2701 265 2755 ut
281 2702 347 2757 tota
364 2697 481 2755 theatra
500 2713 669 2769 quocunque
684 2696 789 2755 affeetu
803 2695 941 2769 ferantur,
965 2703 997 2756 ut
1010 2714 1085 2756 nune
1097 2698 1231 2757 lacrimas

238 2770 369 2843 undant,
393 2789 469 2832 nunc
494 2776 582 2834 torvis
608 2773 699 2834 oeulis
720 2775 972 2847 circumspectant,
999 2791 1074 2833 nunc
1095 2774 1231 2848 gaudium

237 2851 357 2922 prodant
376 2850 513 2923 rutuli),
545 2853 588 2910 ita
606 2851 661 2910 hoo
680 2852 771 2911 multo
791 2853 884 2924 magis
905 2859 935 2911 et
953 2859 1075 2911 naturae
1095 2853 1231 2926 propiore

238 2933 295 2987 arte
326 2927 459 2987 effectum
487 2934 532 2987 cst
557 2946 574 2988 a
601 2927 714 2986 vatibus
739 2929 819 3002 ipsis.
860 2928 918 2988 Sed
939 2946 1026 3002 quum
1045 2927 1107 2989 iere
1127 2931 1231 3002 omnia,

237 3019 304 3076 quae
326 3004 365 3064 de
384 3005 538 3079 rhapsodis
552 3006 726 3078 accepimus,
747 3007 900 3079 plurimum
913 3005 1063 3071 conterant
1076 3006 1113 3066 ad
1127 3024 1231 3080 cogno

293 3175 330 3240 a)
348 3171 445 3240 ocyus.
462 3187 487 3222 a.
506 3173 564 3224 351.

295 3259 332 3327 ⁶⁷)
350 3255 427 3311 Conf.
446 3255 570 3325 egregios
589 3268 682 3307 versus
700 3253 766 3334 Hor.
785 3253 873 3324 Epist.
891 3253 970 3334 11,·1,
988 3259 1029 3309 93.
1042 3269 1099 3323 sqq.
1118 3255 1147 3307 in
1164 3269 1231 3323 quos

238 3324 417 3381 commentarii
435 3340 512 3378 usum
529 3321 643 3392 praebet
662 3324 827 3391 sagacissimi
845 3323 937 3379 Garru
954 3323 1029 3394 Disp.
1058 3325 1232 3393 Berracitacq

238 3393 607 3530 steatomatis
622 3392 1044 3530 ''tot‘tlii'i‘tfftili'i
1062 3392 1117 3443 '‘⁷¹‘'

418 3501 424 3530 ,
874 3506 880 3515 .
970 3501 977 3515 .

295 3551 333 3616 58)
349 3547 446 3618 Odyss.
466 3565 491 3599 a.
510 3550 568 3602 326.
588 3562 647 3616 sqq.
664 3547 692 3602 d.
713 3550 754 3601 62.
773 3562 831 3616 sqq.
849 3567 877 3618 ρ.
896 3550 954 3602 518.
973 3561 1030 3614 sqq.
1048 3551 1100 3600 etc.

301 3636 346 3704 59)
358 3630 480 3702 Kaoopa
517 3633 650 3686 indecora
687 3633 788 3693 αὐτοὺς
820 3629 927 3686 ἄνωθεν
954 3633 1076 3685 ἀπὸτοῦ
1108 3631 1231 3699 βήματος

238 3703 378 3763 aiulcurtis
394 3717 428 3754 τε
440 3701 483 3752 καὶ
492 3701 579 3755 δεινὸν
594 3700 781 3767 ἐμβλέποντας
792 3701 836 3754 καὶ
848 3699 1077 3766 συνθαμβοῦντας
1087 3699 1144 3757 τοῖς
1155 3697 1230 3766 lero·

239 3773 330 3833 μένοις.
348 3771 417 3839 Pag.
435 3771 494 3825 535.
511 3767 544 3825 Ε.
562 3774 590 3824 et
608 3769 672 3824 aiibi
689 3769 716 3824 in
734 3785 767 3825 eo
784 3769 855 3824 Dial.
