3034 4434
639 546 821 600 -53..

236 694 271 752 lc
286 689 419 766 profecto
439 692 466 750 si
486 692 574 751 aliter
593 709 624 752 se
642 708 691 752 ras
707 693 831 752 haberet
850 693 880 751 in
899 692 1061 766 posteriore
1084 693 1156 766 loco,
1178 708 1234 752 non

236 778 334 829 temere
353 771 380 828 is
395 770 486 828 alicui
501 770 661 844 suspicioso
675 770 868 844 interpolatus
883 771 928 828 vel
942 770 1137 843 aliquomodo
1151 771 1235 829 vitia·

235 854 274 906 tus
292 846 387 906 videri
408 852 522 920 posset.
563 847 645 920 Quae
665 848 792 921 suspicio
813 863 900 920 quum
920 847 1013 921 ipsam
1034 849 1160 921 speciem
1181 849 1235 907 tol·

233 925 299 984 leret
317 925 433 996 vulgati
452 924 542 983 moris
562 925 734 997 litterarum,
756 925 896 999 (speeiem
916 924 982 984 dico
995 928 1076 982 unios
1090 928 1235 997 coemptum

234 1004 376 1074 patulae)
407 1001 577 1073 nullumque
603 1002 682 1076 apud
707 1007 823 1075 poetam
850 1001 1005 1074 vestigium
1030 1019 1129 1062 earum
1149 1002 1236 1061 relin-

235 1084 343 1151 queret3
364 1078 439 1136 nihil
460 1079 575 1138 omnino
588 1078 729 1152 praesidii
742 1084 912 1153 superesset
922 1081 1085 1140 contrariae
1098 1080 1234 1154 opinioni,

236 1157 288 1214 nisi
308 1172 345 1214 ex
364 1157 432 1228 ipsa
451 1155 508 1214 hac
527 1162 609 1215 tanta
628 1156 811 1230 longitudine
831 1156 952 1214 duorum
967 1155 1139 1229 carminum,
1160 1173 1234 1229 qnae
1248 1170 1273 1209 ⁸⁸

234 1233 307 1292 nullo
332 1232 421 1292 modo
448 1232 588 1292 credibile
613 1232 748 1292 videatur
774 1234 836 1292 sine
861 1233 938 1291 illius
964 1235 1036 1292 artis
1057 1235 1164 1294 auxilio
1185 1239 1235 1293 ant

236 1308 330 1382 perfici
350 1315 403 1368 aut
418 1309 456 1368 ad
470 1310 673 1383 posteritatem
687 1311 772 1385 prodi
786 1310 924 1384 potuisse.
957 1310 1003 1370 Ea
1016 1318 1112 1371 autem
1125 1313 1235 1370 ratiun-

239 1387 299 1445 cula
323 1403 411 1458 quam
436 1387 509 1446 levis
537 1388 576 1446 sit
595 1394 625 1446 et
645 1388 746 1461 primis
766 1387 880 1461 legibus
900 1387 1038 1448 historiae
1058 1405 1234 1462 repugnans,

239 1464 311 1542 docti
331 1463 501 1535 indoctique
522 1466 623 1523 sciunt.

307 1541 370 1599 Iam
390 1557 460 1601 vero
479 1557 536 1600 non
555 1542 640 1602 modo
660 1542 771 1600 nullum
790 1544 850 1602 tale
864 1543 893 1601 in
903 1543 1030 1603 Homero
1044 1549 1140 1603 exstat
1153 1545 1234 1602 testi·

240 1619 358 1677 nonium
379 1619 424 1676 rei
444 1619 491 1677 vel
511 1620 675 1693 vestigium,
694 1621 804 1678 nullum
817 1636 854 1679 ne
874 1621 1107 1681 tenuissimorum
1118 1621 1234 1692 quidem

240 1695 379 1754 initiorum
390 1695 539 1767 legitimae
549 1697 711 1770 scripturae
721 1698 767 1756 vel
779 1695 899 1756 Cadmei
908 1698 1077 1769 muneris⁵⁰)
1088 1698 1233 1768 indicium,

241 1772 295 1844 sed,
316 1771 393 1844 quod
412 1773 499 1847 longe
514 1775 631 1832 maximi
644 1775 782 1833 momenti
795 1780 848 1844 est,
870 1775 1016 1833 contraria
1030 1775 1116 1834 etiam
1130 1774 1233 1833 omnia.

241 1849 383 1921 Nusquam
396 1848 566 1909 vocabulum
580 1853 652 1923 libet,
672 1867 813 1923 nusquam
832 1855 973 1924 scribendi,
993 1869 1132 1925 nusquam
1147 1854 1234 1908 lectio·

241 1929 286 1999 uis,
305 1928 447 1998 nusquam
466 1927 677 2000 litterarum⁵¹):
699 1928 770 1987 nihil
789 1929 819 1986 in
839 1934 883 1989 tet
901 1929 1026 1989 millibus
1048 1945 1181 1990 versuum
1196 1927 1234 1988 ad
1247 1937 1272 1977 ⁸⁹

300 2122 335 2186 ⁵⁰)
353 2118 466 2188 Semper
482 2117 548 2172 mihi
565 2117 680 2171 maxime
692 2116 788 2169 mirum
801 2115 886 2169 risum
896 2121 946 2180 est,
964 2117 1010 2186 qui
1022 2116 1080 2171 fieri
1091 2117 1232 2186 potuisset,

241 2187 259 2240 si
276 2187 366 2242 fabula
382 2188 436 2242 ista
453 2186 486 2241 de
505 2185 604 2240 Cadmo
623 2193 678 2239 tam
697 2190 804 2238 vetusta
821 2190 892 2239 esset
909 2200 989 2253 quam
1006 2187 1107 2253 volunt,
1126 2193 1156 2238 ut
1174 2201 1233 2240 eam

241 2261 274 2310 tot
287 2256 385 2311 Graeci
402 2261 500 2325 poetae
517 2270 627 2323 prorsus
638 2253 773 2308 'intactam
791 2252 981 2322 relinquerent.
1010 2253 1043 2308 Id
1061 2269 1125 2308 vero
1138 2253 1233 2309 fecisse

240 2340 331 2393 omnes,
349 2341 404 2379 non
421 2324 500 2379 modo
519 2339 573 2392 eos,
598 2338 665 2390 quos
683 2321 772 2375 adhuc
789 2322 816 2374 in
833 2322 956 2376 manibus
973 2323 1111 2391 habemus,
1134 2322 1232 2393 signifi·

239 2399 293 2446 eant
315 2393 393 2448 nobis
417 2392 524 2448 silentia
545 2397 686 2461 pc'etarnm
704 2389 862 2445 Latinorum
885 2397 913 2444 et
930 2393 955 2444 A
992 2391 1100 2460 llodori,
1128 2393 1174 2461 qui
1198 2407 1232 2446 ex

239 2461 356 2529 mythicis
370 2461 460 2530 poetis
478 2460 652 2522 celeberrima
669 2473 792 2527 quaeque
811 2459 878 2513 colle
899 2459 927 2514 't
989 2466 1014 2514 st
1030 2460 1082 2515 hoc
1099 2476 1131 2515 ec
1150 2460 1232 2514 admi·

238 2529 350 2599 abilius,
370 2530 442 2598 quod
460 2530 564 2598 reliqua
580 2528 694 2582 historia
711 2526 805 2582 Cadmi
822 2528 902 2582 nobi‘
919 2528 992 2583 simis
1009 2527 1107 2583 fabulis
1124 2545 1231 2584 causam

238 2597 311 2653 dedit.
347 2599 445 2667 ltaque
462 2604 566 2652 tantum
585 2603 658 2652 certe
677 2610 711 2650 ex
729 2611 762 2651 ea
778 2611 808 2650 re
826 2596 1004 2665 colligendum
1016 2604 1096 2664 esset,
1118 2599 1232 2653 obscura

237 2667 379 2733 primordia
397 2668 464 2722 artis
481 2682 531 2736 per
548 2666 627 2734 plura
638 2665 746 2719 saecula
756 2664 888 2719 neminem
900 2666 1078 2734 mythicornm
1090 2673 1232 2734 poetaram

237 2734 266 2789 ad
282 2735 433 2791 ornandum
452 2735 509 2790 eiua
526 2741 664 2791 auctorem
682 2735 801 2788 excitare
819 2735 947 2800 potuisse.
982 2733 1083 2789 Verum
1100 2736 1187 2804 magis
1204 2735 1232 2790 in

235 2811 358 2874 promptu
375 2804 427 2859 erit
444 2809 520 2858 recta
530 2804 608 2869 ratio,
627 2803 649 2857 si
667 2803 726 2872 ipsa
743 2802 790 2857 illa
801 2802 947 2871 primordia
959 2804 1031 2872 apud
1043 2803 1161 2859 Graecos
1179 2819 1232 2859 non

237 2874 323 2940 priora
341 2873 452 2928 fuerunt
471 2872 578 2926 sacculo
595 2872 643 2926 IX.
662 2878 724 2925 ante
742 2871 804 2926 Chr.

315 2961 353 3025 ⁵1)
379 2958 421 3012 De
436 2956 519 3011 verbo
536 2958 655 3028 γράφειν
673 2957 739 3011 satis
756 2957 857 3011 dictum
875 2962 923 3011 est.
959 2957 1097 3027 Nusquam
1115 2959 1143 3013 id
1161 2960 1233 3027 apud

235 3027 397 3097 antiqmorcs
414 3026 476 3080 illos
492 3025 563 3080 idem
580 3027 665 3095 valet,
692 3024 764 3094 quod
787 3025 849 3080 inde
867 3025 901 3079 ab
919 3027 1054 3096 Aeschylo
1072 3033 1099 3081 et
1117 3027 1232 3084 Pindaro

234 3095 340 3166 vulgare
359 3100 409 3150 est.
443 3093 568 3149 Deducta
585 3094 647 3148 inde
664 3093 781 3162 nomina,
799 3095 894 3165 γραφή
913 3100 940 3148 et
957 3099 1080 3167 γράμμα,
1097 3096 1157 3164 ipsa
1169 3113 1233 3165 qne·

235 3180 281 3232 qne
299 3170 364 3220 sunt
382 3162 541 3232 posteriora.
576 3164 748 3218 Annotarunt
759 3162 819 3217 'hoc
835 3169 942 3218 veteres
960 3165 987 3217 in
1005 3165 1064 3219 loco
1082 3164 1128 3220 illc
1146 3166 1233 3234 Hom,

234 3233 277 3288 ubi
300 3249 349 3288 cos
376 3237 454 3312 σῆμα
477 3235 520 3284 ter
540 3231 658 3300 positum
677 3229 797 3286 offendit.
833 3230 1007 3286 Variaturum
1024 3233 1107 3288 fuisse
1125 3240 1233 3301 politam

233 3301 371 3421 plectebant,
391 3316 415 3354 sr
432 3299 479 3354 illa
495 3299 609 3420 eilngta
626 3300 747 3421 lui'sserbrt.
762 3299 909 3385 ‘Eustatn
928 3301 945 3388 ¹;
956 3317 979 3356 e.
1000 3297 1034 3354 Τὸ
1051 3304 1166 3390 >sponna
1184 3304 1234 3356 οὐκ

234 3369 531 3507 ttttwettu,
548 3385 609 3489 'ot
622 3371 671 3490 ³⁷5„
689 3368 1185 3520 tltltltht‘i‘etuti
1198 3372 1233 3492 5²

234 3507 303 3568 lien
320 3457 368 3562 δί
384 3456 429 3559 τί
435 3511 557 3576 μονῆρες
574 3505 617 3558 καὶ
634 3507 746 3576 καίριον.
777 3505 802 3560 Γ
795 3507 894 3578 ράμμα
903 3523 1025 3587 ‘primum
1043 3510 1149 3576 reperio
1161 3459 1234 3587 apua

234 3574 368 3632 Ennnam.
404 3573 501 3642 Neque
519 3575 681 3643 ἀναγνῶναι,
708 3578 799 3644 tepere,
823 3581 870 3629 aut
889 3576 973 3630 simile
992 3577 1102 3645 aliquid,
1125 3575 1163 3629 ibi
1187 3574 1233 3629 nbi

233 3643 259 3697 id
281 3645 400 3701 maxima
426 3650 579 3710 exspectes,
606 3643 741 3710 inveniam
766 3644 817 3698 etsi
833 3644 887 3698 alio
911 3659 991 3699 sensu
1009 3644 1107 3697 dicitur
1124 3643 1233 3712 σήματα

234 3713 385 3783 ἀναγνῶναι
409 3709 508 3779 Odyaa'
532 3729 556 3764 τ.
574 3715 634 3767 250.
663 3714 692 3778 ψ.
711 3715 772 3767 206.
790 3732 820 3765 o.
838 3715 897 3767 346.
932 3712 1003 3767 Deni
1022 3725 1056 3764 ue
1074 3709 1234 3765 vocabulum

234 3781 319 3844 δέλτος
329 3796 387 3839 non
400 3784 444 3834 est
453 3779 590 3864 antiquius
598 3779 732 3849 Aeschylo
745 3787 773 3834 et
784 3785 894 3835 auctore
906 3727 1233 3848 aamciomyomaehne,
