3034 4434
669 526 850 579 „21-

256 673 331 745 quod
350 674 439 746 vulgo
458 671 492 732 111
506 673 686 747 saepissime,
706 677 739 731 ut
752 674 958 746 consequentia
975 673 1124 735 modorum
1143 684 1257 750 pertur-

255 751 339 809 betur
358 752 389 808 in
408 752 545 810 iunctura
565 751 729 823 aequalium
749 749 950 823 membrorum,
976 752 1022 810 vel
1042 758 1074 810 ut
1093 755 1255 826 particulae

254 823 289 884 ἄν
307 844 329 886 s.
351 846 387 884 κε
408 827 537 887 addatur
556 827 728 887 indicativus
749 827 869 886 instanti
888 834 1029 901 tempore,
1049 845 1132 890 nemo
1145 832 1201 890 nisi
1213 833 1254 891 in-

254 903 355 963 doctus
376 910 572 979 propagatum
592 904 674 976 velit,
702 904 876 978 praesertim
896 904 1035 977 intanta,
1062 922 1137 979 quae
1156 909 1253 970 multis

252 998 304 1055 pro
323 983 439 1043 ratione
460 986 514 1054 est,
534 981 664 1040 mutandi
682 978 832 1040 facilitate.

720 1194 788 1269 XI.

323 1367 421 1441 Atque
455 1368 529 1426 haec
559 1384 594 1426 ex
622 1383 727 1440 megno
747 1383 866 1426 numero
886 1383 942 1426 non
962 1366 1090 1427 studiose
1112 1377 1249 1444 excerpta

248 1445 405 1518 specimina
425 1445 555 1518 vulgaris
574 1449 671 1503 textus
692 1443 846 1516 emendati,
872 1449 902 1502 et
922 1459 996 1515 quae
1016 1461 1073 1503 non
1092 1445 1246 1522 ingenium,

248 1521 299 1580 sed
319 1522 454 1581 meliores
478 1521 546 1580 libri
566 1520 775 1594 suggerebant,
803 1521 892 1578 cuivis
918 1520 1128 1593 persuadeant,
1151 1526 1247 1595 purio-

245 1597 324 1656 ribus
344 1597 473 1658 fontibus
494 1599 634 1658 adeundis
654 1614 752 1656 veram
765 1595 886 1656 formam
899 1597 1071 1655 Homericae
1084 1600 1245 1672 scripturae

247 1677 376 1735 revocari
401 1673 547 1748 hodieque
573 1691 669 1750 posse.
712 1675 815 1745 Neque
845 1674 920 1732 hanc
944 1689 1025 1746 spem
1051 1675 1137 1747 eripit
1162 1677 1244 1736 nobis

246 1750 403 1824 longinqua
422 1753 496 1811 vatis
516 1757 654 1811 vetustas.
693 1751 770 1809 Nam
789 1747 864 1809 falsa
885 1755 930 1808 est
950 1765 1048 1809 eorum
1067 1751 1173 1823 opinio,
1194 1756 1243 1824 qui

246 1828 306 1887 sola
330 1830 558 1902 longinquitate¹
572 1829 711 1903 temporis
741 1827 788 1885 vel
815 1828 967 1885 universae
992 1826 1131 1886 historiae
1158 1827 1243 1888 iidem

244 1903 369 1979 infringi,
394 1907 441 1964 vel
460 1907 632 1981 scriptorum
652 1905 797 1977 corrumpi
816 1904 1023 1976 integritatem,
1041 1908 1088 1976 et,
1108 1911 1141 1963 ut
1160 1906 1241 1977 quid-

244 1997 297 2052 que
316 1983 471 2042 novissime
493 1989 606 2056 gestum
626 1984 664 2041 sit
684 1987 734 2041 aut
753 1982 901 2054 scriptum,
922 1981 964 2040 ita
983 1981 1163 2040 verissimum
1181 1999 1241 2042 ma·

244 2058 375 2132 ximeque
401 2061 556 2132 genuinum
580 2059 744 2120 habendum
764 2064 876 2131 putant.
914 2057 960 2116 De
979 2059 1067 2118 nehus
1087 2060 1178 2131 gestis
1198 2060 1240 2119 di-

244 2150 308 2194 cere
334 2137 451 2196 omitto:
478 2144 592 2210 tempus
618 2154 653 2196 ac
678 2137 741 2195 dies
767 2136 876 2208 optime
901 2134 1025 2195 dedocet
1049 2135 1182 2195 credulos
1203 2137 1277 2198 deas

243 2211 276 2269 iis
312 2214 401 2286 ipsis,
435 2230 511 2286 quae
548 2215 756 2289 propemodum
786 2213 846 2271 suis
875 2212 965 2272 oculis
999 2213 1062 2284 geri
1094 2213 1237 2273 viderunt.

243 2287 356 2362 Scripta
381 2295 480 2350 autem
505 2308 593 2364 quum
617 2292 688 2350 nihil
715 2291 778 2348 vitii
801 2290 932 2361 trahent,
958 2290 1022 2348 loco
1049 2306 1066 2347 a
1086 2289 1237 2356 blattiset

242 2366 323 2425 tineis
344 2372 407 2429 tuto
430 2369 546 2428 condita
571 2370 600 2426 in
620 2369 747 2439 scriniis;
774 2367 844 2439 quid
864 2366 975 2437 obstet,
1000 2381 1047 2437 ne,
1068 2367 1093 2422 si
1113 2367 1235 2439 diligens

242 2447 269 2500 et
287 2459 344 2503 non
364 2447 448 2505 nimis
468 2443 604 2519 frequens
625 2445 783 2518 descriptio
803 2443 990 2513 adhibeatur,
1010 2443 1103 2499 etiam
1123 2445 1234 2502 amissis

242 2524 428 2595 autographis
452 2523 635 2596 longissimas
661 2527 774 2581 aetates
801 2521 906 2578 durent
931 2519 992 2577 sine
1012 2518 1120 2576 maiore
1140 2521 1234 2578 nona?

240 2593 308 2655 Eius
329 2614 399 2660 vero
420 2601 535 2673 generis
554 2600 733 2669 mendorum,
753 2597 830 2671 quod
851 2613 887 2655 ex
906 2595 1008 2655 crebra
1029 2599 1058 2652 et
1070 2594 1234 2668 indiligenti

239 2671 431 2747 descriptione
452 2676 586 2736 subnasci
605 2677 687 2749 solet,
708 2675 867 2734 remedium
887 2679 1021 2747 paratum
1035 2676 1080 2729 est
1092 2672 1234 2730 incritica

238 2755 309 2820 arte,
329 2753 445 2813 codices
466 2754 644 2812 diversarum
663 2769 798 2812 manuum
818 2753 894 2810 inter
912 2757 945 2810 se
959 2754 1153 2822 comparante.
1174 2748 1233 2808 Sed
1303 2788 1306 2794 -

237 2824 326 2886 bonae
352 2830 420 2889 huic
446 2830 579 2891 fortunae
599 2832 772 2903 scriptorum
791 2829 994 2902 plerorumque
1014 2827 1139 2886 omnium
1158 2842 1231 2886 anne

236 2903 377 2965 confidere
396 2907 497 2967 licebit
515 2909 545 2967 in
564 2907 744 2968 Homericis?

306 2982 426 3043 Licebit
445 2985 523 3045 haud
544 2985 640 3058 dubie,
659 2985 715 3042 nisi
734 2985 807 3042 haec
827 2982 960 3056 proprias
974 2981 1114 3052 quasdam
1128 2981 1231 3054 depra

236 3058 363 3119 vationes
384 3063 531 3135 multoque
551 3062 649 3136 plures
671 3067 701 3120 et
720 3061 869 3133 graviores
882 3057 1095 3116 vicissitudines
1110 3064 1230 3130 experta

234 3142 304 3193 sunt.
346 3137 455 3198 Verum
474 3141 499 3198 si
519 3141 565 3198 vel
586 3157 621 3198 ex
642 3155 676 3197 ea
696 3154 743 3210 re,
771 3136 847 3209 quod
862 3134 1025 3194 emendatio
1038 3134 1152 3193 illorum
1171 3151 1230 3193 me·

234 3212 378 3273 turissime
403 3217 482 3289 apud
502 3217 629 3276 Graecos
655 3221 724 3274 nata
746 3221 792 3272 est
812 3218 842 3271 et
862 3211 1023 3280 celebrata,
1048 3211 1228 3285 intelligitur,

232 3285 306 3359 ipsos
333 3292 391 3351 iam
419 3295 576 3366 antiquitus
601 3293 729 3352 caruisse
757 3291 829 3349 satis
855 3289 986 3363 genuinis
1008 3289 1227 3362 exemplaribus,

234 3365 314 3439 unde,
337 3370 387 3442 qui
401 3371 516 3442 vellent,
536 3386 610 3429 nova
624 3368 833 3440 exscriberent3
853 3367 879 3425 si
891 3367 1002 3440 primae
1017 3366 1116 3425 statim
1128 3381 1227 3424 recen·
1331 3404 1339 3417 .

231 3442 331 3516 siones,
351 3446 425 3506 altis
445 3449 563 3506 criticae
583 3447 708 3506 nondum
721 3446 817 3504 cultae
831 3444 1045 3514 meditamenta,
1065 3442 1137 3500 mire
1151 3443 1227 3501 inter

233 3533 261 3575 se
286 3520 491 3596 discreparant
516 3524 646 3598 plurimis
666 3523 768 3595 rebus,
794 3522 997 3594 vulgatamqns
1017 3520 1047 3576 in
1067 3518 1225 3577 eruditiore

233 3593 352 3657 Graecia
372 3597 625 3660 conformationem
644 3604 740 3659 textus
761 3598 874 3657 demum
894 3602 961 3671 post
973 3596 1158 3654 Aristotelem
1173 3594 1225 3651 ali-

232 3679 297 3741 quot
316 3675 504 3736 Grammatici
523 3677 758 3747 introduxerunt;
778 3692 830 3735 nos
850 3683 947 3734 autem
966 3689 1003 3730 ne
1016 3672 1094 3729 illins
1108 3668 1223 3741 quidem

232 3752 336 3825 textus,
362 3768 448 3824 quem
473 3754 523 3813 diu
547 3755 669 3814 maxime
696 3754 852 3825 antiquitas
872 3750 1019 3825 probavit,
1044 3745 1223 3806 Aristarchei
