3034 4434
423 304 550 480 aff

385 471 432 515 ssi·

673 511 851 566 —104-

262 664 350 722 liceat
374 662 411 722 de
431 661 595 722 conditione
620 677 721 720 aarum
740 661 953 734 recensionum,
980 675 1055 732 quae
1075 661 1132 720 hoc
1151 661 1267 722 saeculo

211 737 514 800 1⁷0fer1mturfactee
542 753 615 797 esse.
656 738 740 796 Nunc
766 739 842 797 enim
868 754 966 810 nemo,
991 743 1079 811 puto,
1104 737 1268 812 mirabitur,

262 817 390 877 Graecos
409 817 468 875 iam
488 822 558 887 tum,
579 831 666 888 quum
687 817 884 889 prosperrima
896 821 976 875 sorte
989 831 1042 873 sua
1054 814 1269 887 ingeniosiores

261 900 358 953 essent
371 909 456 965 quam
470 892 623 965 doctiores,
643 898 674 950 et
687 893 723 952 ab
736 893 788 952 illa
800 889 987 970 πολυμαθείᾳ,
1001 892 1048 951 cui
1059 908 1148 966 reges
1162 892 1268 953 deinde

261 972 352 1031 otium
361 970 568 1044 praebuerumt,
589 969 768 1042 alienissimi,
782 971 911 1029 animum
923 969 1077 1043 paullatim
1090 970 1269 1044 applicuisse

262 1047 300 1107 ad
320 1064 384 1107 eam
404 1054 505 1119 artem,
526 1063 600 1120 quae
621 1052 684 1106 tota
704 1047 829 1106 collecta
849 1053 894 1106 est
914 1063 950 1106 ex
969 1047 1123 1120 multiplici
1136 1047 1269 1107 doctrina

260 1126 424 1185 litterarum
454 1130 485 1184 et
516 1124 708 1197 antiquitatis.
759 1124 877 1183 Etenim
906 1140 982 1196 quae
1011 1140 1117 1183 causae
1144 1126 1269 1184 maxime

260 1202 459 1276 perduxerunt
482 1208 596 1261 veteres
621 1200 659 1260 ad
686 1201 818 1260 criticam
842 1207 950 1274 artem,
980 1201 1039 1260 iam
1063 1206 1126 1259 turn
1147 1202 1270 1262 eaedem

262 1280 434 1338 exstiterant
453 1294 560 1337 omues.
601 1278 635 1336 In
655 1278 759 1350 quibus
779 1279 873 1352 primo
892 1279 957 1338 loeo
976 1279 1124 1352 posuerim
1151 1280 1269 1339 modum

261 1357 342 1414 illum
363 1356 623 1416 conservandorum
643 1355 711 1414 olim
733 1355 900 1414 carminum
919 1371 975 1430 ope
996 1355 1080 1414 unius
1099 1357 1269 1430 memoriae,

261 1433 392 1507 proximo
413 1448 527 1492 errores
553 1438 583 1490 et
601 1430 721 1490 fraudes
742 1433 773 1489 in
793 1431 951 1506 prodendis
971 1431 1137 1491 auctoribus
1159 1449 1269 1507 eorum,

261 1510 350 1570 tertio
370 1511 465 1569 varios
485 1507 695 1581 facillimosque
717 1509 817 1582 lapsus
837 1509 953 1568 rudium
970 1526 1107 1568 manuum
1123 1511 1155 1567 in
1167 1511 1269 1583 primis

263 1586 475 1660 exemplaribus
495 1585 642 1660 parandis.
683 1585 743 1645 Sed
765 1587 821 1645 etsi
840 1586 915 1645 haec
927 1591 1075 1660 postrema
1088 1592 1180 1646 causa
1194 1588 1269 1646 eius-

261 1663 340 1723 modi
361 1669 414 1736 est,
434 1669 467 1721 ut
486 1670 554 1736 post
566 1664 677 1735 aliquot
693 1663 817 1724 ,saecula
836 1664 920 1722 istius
940 1663 1013 1722 artis
1027 1663 1206 1722 desiderium
1219 1680 1269 1722 ne

260 1741 387 1800 cessario
407 1738 510 1799 fuisset
536 1741 676 1812 allatura,
704 1746 802 1799 tamen
832 1741 882 1812 qui
902 1741 1031 1800 Graecos
1055 1741 1148 1810 norit,
1180 1739 1269 1800 facile

261 1818 413 1890 intelliget,
433 1817 471 1875 ad
490 1824 551 1876 tam
569 1817 724 1876 minutulas
745 1833 830 1876 curas
851 1818 997 1891 ingenium
1019 1833 1119 1876 eorum
1137 1834 1194 1877 nec
1207 1823 1269 1878 tam

260 1902 448 1955 mature-nec
466 1899 548 1952 tanto
574 1893 671 1954 studio
690 1895 823 1968 potuisse
843 1893 1036 1966 descendere,
1061 1894 1087 1952 si
1106 1895 1170 1954 sola
1190 1896 1269 1954 omni

261 1973 424 2044 scripturae
455 1971 617 2028 communia
645 1971 751 2029 menda
778 1971 867 2030 libros
895 1971 1099 2044 corrupissent.
1144 1971 1269 2032 Maneat

260 2048 359 2120 igitur,
380 2047 554 2119 singularem
574 2046 719 2107 fortunam
739 2047 960 2107 Homericorum
981 2053 1011 2106 et
1030 2064 1190 2121 supparum
1209 2064 1268 2109 mo

260 2128 459 2183 numentorum
480 2124 626 2184 extudisse
646 2124 857 2198 quodammodo
876 2125 1052 2199 philologum
1072 2125 1202 2197 audeam,
1223 2126 1267 2185 id·

260 2216 316 2274 que
338 2201 425 2259 etiam
445 2207 540 2274 antea,
560 2218 646 2274 quam
664 2217 769 2261 nomen
790 2201 891 2260 (infici
910 2207 962 2260 aut
975 2202 1165 2261 Grammatici
1178 2204 1266 2277 vulgo

261 2278 392 2338 auditum
412 2278 542 2350 esset³⁸).
1067 2277 1069 2280 ⁴

328 2507 364 2576 36)
382 2505 442 2560 Hac
459 2505 495 2558 II.
519 2508 609 2558 aetate
633 2501 794 2555 vocabulum
821 2504 1012 2571 γραμματικοῦ
1029 2516 1083 2555 non
1098 2503 1268 2568 professionis

261 2579 336 2643 erat,
361 2573 407 2628 sed
436 2573 564 2626 scientiae.
600 2569 760 2638 Priusquam
787 2570 862 2624 enim
884 2567 1082 2638 magnitudines
1099 2569 1213 2639 artium,
1237 2575 1268 2625 ut

261 2643 355 2698 Cicero
373 2643 420 2710 ait,
439 2639 550 2695 diminui
568 2645 714 2706 coeperant
732 2639 853 2705 partium
872 2637 1069 2706 distributione,
1086 2637 1269 2707 ἀγράμματος

262 2711 402 2765 dicebatur
419 2709 450 2776 is,
468 2709 514 2777 qui
532 2705 668 2762 scribendi
687 2712 714 2760 et
731 2707 840 2775 legendi
857 2706 986 2761 facultate
1004 2705 1123 2774 carebat,
1141 2707 1190 2775 qui
1207 2723 1269 2762 eam

260 2779 385 2841 tenebat,
407 2776 606 2845 γραμματικός,
626 2789 671 2829 ars
689 2774 749 2842 ipsa
766 2775 955 2854 γραμματική,
980 2790 1050 2843 quae
1076 2775 1188 2842 proprie
1207 2781 1275 2830 erat·

261 2864 279 2915 γ
300 2848 471 2910 αμματιστοῦ
495 2860 515 2898 s.
542 2843 862 2913 γραμματοδιδασκάλου.
904 2843 956 2897 Hic
985 2858 1051 2897 usus
1080 2847 1121 2896 est
1145 2843 1268 2898 Platonis

262 2866 376 2980 (iqhileb.
394 2929 420 2980 p.
441 2917 480 2966 18.
498 2912 560 2979 D.),
585 2912 774 2979 Xenophontis
796 2913 846 2978 (M.
865 2911 890 2966 S.
908 2910 956 2980 IV,
974 2915 999 2980 2,
1016 2914 1083 2979 20),
1111 2911 1269 2967 Aristotelis

261 2983 340 3050 (Top.
357 2980 405 3048 VI,
423 2985 448 3034 5.
466 2996 492 3049 p.
511 2982 570 3036 247.
588 2980 639 3047 B.).
676 2982 767 3049 Atque
790 2980 838 3038 illa
861 2979 969 3047 quidem
986 2986 1082 3048 postea
1098 2995 1116 3033 a
1133 2980 1268 3034 nonnullis

262 3050 434 3118 dreleocs'pa
451 3051 629 3120 γραμματικὴ
652 3047 724 3102 dicta
743 3054 794 3112 est,
815 3048 923 3116 quando
938 3047 1049 3101 latiores
1066 3045 1134 3101 fines
1151 3064 1268 3117 occupa·

261 3124 339 3172 verat
356 3117 538 3171 Grammatica
555 3116 658 3176 τέλειος
676 3132 696 3170 s.
719 3116 831 3187 ἐντελής
847 3117 892 3185 (ci.
905 3114 1017 3169 Sextum
1028 3115 1133 3184 Empir.
1144 3131 1167 3171 c.
1179 3116 1268 3171 Math.

262 3187 284 3240 I.
303 3187 326 3256 ᾗ.
345 3191 387 3240 44.
406 3186 468 3253 75.),
488 3186 531 3240 cui
549 3185 584 3240 ad
603 3185 740 3239 Gratetem
758 3200 843 3254 usque
861 3183 960 3238 critice
977 3188 1107 3252 tanquam
1123 3200 1187 3253 pars
1206 3184 1268 3240 sub·

261 3255 333 3309 iecta
350 3259 417 3308 erat.
452 3252 505 3308 Sed
522 3253 602 3308 huius
620 3253 676 3308 sive
689 3253 776 3321 partis
794 3254 850 3307 sive
868 3251 995 3321 propriae
1012 3251 1151 3307 doctrinae
1169 3269 1269 3308 nornen

261 3340 315 3378 non
332 3323 432 3390 legitur
449 3327 512 3376 ante
531 3337 627 3376 aevum
644 3320 867 3390 Alexandrinum,
885 3319 938 3374 nisi
955 3321 984 3374 in
1002 3320 1116 3389 dialogis
1124 3321 1269 3376 Aeschinis

262 3398 290 3445 et
313 3391 434 3459 Cebetis,
463 3406 530 3458 quos
554 3391 660 3459 spurios
690 3405 763 3457 esse,
788 3405 877 3458 nuper
897 3386 1018 3443 Meiners
1041 3388 1141 3511 ⁰ffim⁰
1166 3389 1267 3446 docuit.

262 3460 330 3514 Rern
348 3461 356 3512 i
376 3460 438 3527 itur,
461 3476 515 3515 non
532 3475 630 3514 nomen
648 3464 675 3513 et
712 3458 889 3513 rofessionem
906 3458 1040 3525 spectavit
1084 3473 1110 3512 ro
1128 3457 1267 3527 Chrysost.

263 3529 308 3582 Or.
326 3476 400 3583 ulii.
419 3528 510 3583 dicens
528 3527 562 3582 ab
579 3474 727 3582 Aristotelia
749 3529 798 3596 τὴν
823 3526 943 3596 κριτικήν
962 3545 995 3578 τε
1012 3526 1058 3579 καὶ
1073 3529 1266 3598 γραμματικὴν

262 3597 351 3719 ᾁςχὴν
369 3597 480 3663 lapso:
504 3597 555 3650 etsi
576 3611 611 3649 ne
634 3596 686 3649 hoc
708 3593 817 3662 quidem
840 3595 868 3649 in
885 3595 991 3649 iactura
1007 3600 1050 3651 tot
1067 3595 1267 3651 exotericorum

262 3663 282 3718 h
300 3681 391 3720 rorum
408 3664 561 3719 Aristotelis
578 3679 595 3719 a
612 3662 689 3718 nobis
707 3662 772 3716 satis
789 3661 889 3716 firmari
906 3668 1005 3730 potest.
1033 3665 1075 3718 Ac
1085 3663 1173 3718 minus
1184 3663 1267 3718 etiam

264 3734 365 3789 clarum
383 3739 438 3803 est,
463 3731 535 3803 quod
558 3732 592 3787 de
615 3731 782 3800 Apollodoro
809 3730 928 3787 Cumano
950 3730 1067 3786 traditur
1089 3746 1106 3786 a
1128 3732 1266 3787 Clemente
