3034 4434
734 561 773 574 -
802 532 914 590 110-

328 687 385 745 lam
404 684 519 743 videtur
538 682 699 742 condidisse
719 684 863 756 Pergami.
888 684 1010 743 similem
1029 681 1250 756 Aristarcheae‚
1277 701 1330 743 nec

328 764 421 820 minus
441 760 582 819 celebrem
603 760 806 834 discipulisffi).
845 762 922 820 Nam
941 769 974 818 ut
993 761 1029 819 ab
1042 760 1243 833 Aristophane
1263 769 1328 820 sunt

278 852 316 892 aar
328 837 541 910 Aristophanes
562 836 599 895 ab
618 837 788 898 Aristarcho
807 838 997 908 Aristarchei,
1017 838 1059 895 ita
1078 835 1213 896 Gratetei
1233 839 1330 911 appel·

329 916 426 974 lentur
443 915 582 985 nonnulli,
613 915 717 985 quibus
738 922 769 972 et
788 916 858 988 ipsis
878 915 1098 973 aemulationem
1119 920 1150 972 et
1170 915 1330 973 certamina

329 992 489 1064 reperimus
509 988 598 1049 hrisse
618 1007 682 1049 curn
695 991 944 1060 Adstarcheistt).
974 991 1132 1062 Postquam
1153 991 1230 1049 enim
1245 1007 1329 1064 reges
1368 1061 1370 1063 ¹

330 1069 503 1126 animosiore
516 1067 613 1125 studia
627 1069 798 1141 expulerant
812 1086 848 1127 ex
861 1068 1025 1126 civitatibus
1039 1067 1228 1138 Graecorum,
1250 1085 1329 1128 amor

329 1145 542 1203 contentionum
568 1146 598 1201 in
618 1145 736 1204 Scholm
756 1145 916 1203 Rhetorum
943 1152 972 1203 et
993 1144 1261 1203 Grammaticorum.
1281 1146 1331 1203 mi·

331 1222 434 1293 gravit,
456 1228 494 1293 et,
515 1223 557 1279 uti
579 1223 646 1280 olim
667 1223 703 1280 de
724 1223 888 1294 principatu
908 1223 937 1279 in
957 1239 989 1280 re
1002 1221 1126 1295 publica,
1147 1222 1191 1278 ita
1203 1238 1282 1280 nuno
1294 1222 1330 1280 de

331 1299 524 1370 grammaticis
556 1299 782 1370 quaestiunculis
813 1300 982 1371 gravissime
1011 1300 1087 1356 inter
1111 1314 1143 1356 se
1171 1305 1329 1356 certarunt.

330 1376 373 1433 Ac
393 1374 507 1433 videtur
527 1374 643 1446 quidem
658 1375 759 1434 Crates
773 1376 943 1434 Aristarcho
963 1391 1065 1447 parum
1085 1376 1209 1432 cessisse
1232 1377 1331 1434 existi·

329 1452 455 1510 matioue
476 1453 648 1525 aequalium,
669 1453 777 1525 quippe
798 1453 847 1524 qui
867 1469 931 1510 curn
951 1453 1001 1510 illo
1014 1453 1043 1508 in
1057 1452 1230 1523 coryphaeis
1244 1453 1329 1510 huius

330 1530 406 1591 artis
421 1529 643 1600 numeretur⁶⁶)‚
664 1545 822 1600 novamque
844 1530 964 1600 gloriam
984 1528 1099 1586 duxerit
1119 1544 1154 1586 ex
1175 1545 1224 1600 eo,
1254 1529 1330 1600 quod

331 1605 491 1665 doctrinam
511 1606 673 1663 litterarum
693 1607 803 1679 primus
823 1607 943 1679 pertulit
962 1606 1000 1663 ad
1020 1604 1220 1675 Romanosffl).

406 1682 567 1740 Permirum
588 1684 691 1745 estin
712 1684 812 1755 paucis
832 1684 963 1754 reliquiis
988 1683 1050 1740 eius
1070 1682 1141 1739 satis
1163 1683 1331 1753 argumenti

332 1775 405 1831 esse,
419 1765 460 1828 ut,
474 1759 577 1829 quibus
592 1759 728 1817 derebus
742 1777 806 1818 cum
817 1760 985 1818 Aristarcho
996 1758 1185 1829 contenderit
1200 1765 1232 1816 et
1242 1776 1331 1831 quan-

280 1857 318 1896 ars
333 1842 391 1893 tum
413 1834 531 1894 inferior
550 1835 638 1894 fuerit
657 1837 715 1906 illu,
736 1838 878 1910 suspicari
897 1838 992 1894 liceat.
1026 1837 1116 1894 Immo
1129 1836 1238 1893 nullius
1252 1843 1331 1894 vete·

331 1929 394 1968 rum
410 1911 581 1970 (lriticorum
601 1915 745 1985 ingenium
766 1920 796 1971 et
811 1913 970 1972 doctrinam
988 1912 1069 1970 nobis
1084 1918 1143 1969 tam
1156 1912 1232 1970 bene
1246 1930 1331 1972 nosse

331 1989 475 2057 videniur,
496 2004 580 2058 quam
602 1989 727 2047 Cratetis
746 1991 840 2048 huius.
879 1989 923 2048 Ac
941 1991 1064 2063 primum
1084 1989 1215 2059 quidem,
1244 2006 1331 2062 quum

331 2064 515 2120 Aristarchus
529 2065 686 2123 Homerum
707 2067 743 2123 ad
758 2068 974 2139 simplicitatem
986 2067 1145 2139 priscorum
1157 2073 1332 2138 temporum,

331 2156 388 2197 non
400 2141 436 2197 ad
448 2156 535 2197 novas
543 2143 692 2214 opiniones
699 2149 809 2200 temere
820 2143 940 2215 affictas,
950 2143 1136 2215 interpretari
1146 2143 1333 2215 instituisset,

333 2215 435 2274 Grates
463 2216 575 2275 Stoicus
597 2220 707 2290 gloriae
726 2221 800 2277 vatis
820 2222 896 2278 male
916 2221 1026 2279 consuli
1045 2219 1172 2292 putavit,
1197 2219 1256 2277 nisi
1275 2221 1334 2293 ipsi

332 2293 506 2366 multiplices
518 2303 596 2353 artes
606 2296 801 2368 Pergamenae
815 2299 957 2363 allineret,
972 2312 1092 2367 eumque
1106 2303 1292 2356 converteret
1302 2299 1334 2354 in

331 2369 547 2443 Philosophum,
566 2373 813 2446 Mathematicum,
832 2374 1044 2446 Astroucmum,
1065 2372 1281 2448 Geographum,
1303 2381 1337 2432 et

399 2537 434 2600 64)
459 2535 608 2603 Scripserat
631 2534 665 2588 de
693 2551 725 2587 ea
743 2535 914 2588 Ptolemaeus
930 2533 1111 2587 Ascalonffdv
1135 2537 1175 2602 τῷ
1201 2534 1265 2603 περὶ
1283 2539 1336 2602 τῆς

332 2599 498 2673 [ι’ρατητείου
521 2605 653 2671 αἱρέσεως
681 2602 752 2655 laud.
775 2603 803 2654 in
826 2603 913 2656 Schol.
937 2601 972 2655 ad
993 2620 1018 2670 γ.
1045 2606 1101 2655 155.
1141 2601 1185 2654 Ad
1208 2602 1332 2656 eiusdem

331 2672 437 2725 scholae
462 2674 518 2724 sive
543 2679 632 2724 sectae
659 2672 847 2724 auctoritatem
865 2672 943 2723 unice
963 2669 1051 2723 refero
1069 2669 1132 2728 τοὺς
1149 2670 1179 2720 ἐκ
1198 2668 1334 2741 Περγά-

330 2757 395 2801 μου
414 2738 438 2791 Γ
433 2740 630 2808 ραμματικούς,
658 2747 685 2791 et
703 2739 765 2798 τοὺς
789 2736 1043 2808 Περγαμηνοὺς
1059 2738 1171 2796 πίνακας
1189 2741 1334 2806 (catalogos

331 2809 491 2858 classicorum
515 2811 679 2872 scriptorum)
707 2807 780 2875 apud
798 2807 907 2873 Dionys.
935 2806 996 2860 Hal.
1014 2807 1045 2859 T.
1063 2805 1096 2858 V.
1113 2805 1206 2860 Reisk.
1224 2823 1252 2874 p.
1270 2811 1333 2862 630.

331 2877 398 2940 act,
416 2875 462 2926 ubi
480 2875 601 2944 Sylburg.
620 2876 689 2928 male
707 2873 845 2942 cogitabat
863 2875 896 2927 de
914 2875 1078 2928 Aristarcho.

398 2962 434 3010 6⁵i
458 2960 495 3013 Ut
512 2959 647 3015 Herodico
666 2960 757 3028 Babyl.
782 2960 818 3014 de
843 2976 895 3028 quo
914 2977 939 3013 v,
957 2961 1027 3014 lons.
1046 2959 1071 3014 S.
1089 2959 1123 3012 H.
1142 2959 1172 3013 P.
1191 2959 1227 3026 ΙΙ,
1249 2964 1289 3027 13,
1307 2963 1333 3013 6.

289 3082 294 3091 ,
332 3027 400 3079 conf.
419 3027 515 3080 Scholl.
540 3029 574 3080 ad
594 3050 616 3082 ν.
635 3033 676 3083 29.
695 3050 718 3081 υ.
736 3033 792 3093 53,
820 3027 940 3082 simodo
961 3028 1006 3081 hic
1022 3027 1093 3081 idern
1112 3035 1154 3080 est
1171 3027 1334 3095 Herodicus,

331 3093 450 3147 diversus
468 3095 513 3147 ille
532 3097 639 3163 quidem
658 3098 691 3149 ab
704 3096 838 3150 Herodico
851 3095 1016 3163 Selybriano‚
1034 3105 1097 3149 noto
1109 3095 1223 3162 medico,
1244 3117 1260 3149 ι.
1272 3100 1334 3149 453.

330 3161 352 3211 i.
363 3167 422 3215 515.
449 3163 490 3215 De
502 3163 640 3218 Zenodoto
654 3165 780 3218 Crateteo
798 3165 876 3216 attuli
889 3165 1069 3218 coniecturam
1079 3179 1167 3217 meam
1179 3179 1239 3231 cap.
1252 3164 1331 3217 XLII

332 3229 359 3281 in
376 3228 436 3283 fine.
473 3231 630 3285 Tauriscum
655 3233 730 3286 addit
748 3233 846 3286 Sextus
863 3232 968 3299 Empir.
986 3249 1008 3286 c.
1027 3233 1113 3285 Math.
1131 3233 1154 3299 l,
1171 3236 1231 3286 248.
1267 3232 1333 3285 Ale·

330 3298 462 3350 xandrum
480 3299 674 3366 Polyhistorem
693 3301 765 3354 Suid.
778 3301 809 3354 T.
822 3301 843 3352 Ι.
856 3316 882 3368 p.
897 3304 953 3354 104.
988 3301 1088 3354 Contra
1106 3300 1253 3354 laudantur
1270 3300 1332 3352 libri

329 3365 454 3488 tlyliornlpgsii
472 3367 584 3487 Tfficis
604 3377 631 3421 et
649 3369 813 3422 Parmenisci
830 3372 900 3438 πρὸς
917 3365 1060 3439 Κράτητα,
1084 3371 1207 3422 adversus
1224 3368 1278 3435 Cr,
1295 3366 1331 3420 ad

351 3454 391 3488 ,ὑ
428 3454 469 3488 -ί,
541 3476 547 3487 .

396 3522 432 3588 66)
450 3520 546 3574 Strabo
563 3521 585 3573 Ι.
603 3537 630 3589 p.
648 3527 689 3576 30.
707 3526 772 3589 (54.)
789 3523 887 3577 Sextus
903 3521 1007 3591 Empir.
1024 3523 1046 3591 Ι,
1063 3528 1106 3577 44.

397 3607 433 3674 ⁶⁷)
451 3606 560 3660 Sueten.
579 3607 612 3660 de
631 3606 668 3660 ill.
689 3607 805 3661 Gramm.
818 3624 841 3661 c.
853 3612 878 3661 2.
896 3608 943 3661 ubi
960 3615 1124 3662 memoratus
1134 3608 1245 3662 Attalus
1255 3606 1329 3662 haud

329 3673 408 3728 dubie
428 3682 469 3727 est
481 3670 515 3727 Π.
528 3675 685 3742 cognomine
697 3675 899 3744 Philadelphus,
918 3676 964 3744 qui
975 3676 1100 3743 Pergami
1111 3676 1202 3745 coepit
1213 3689 1327 3744 regnare

329 3741 432 3810 Olymp.
451 3741 529 3796 CLV.
547 3747 572 3797 2.
590 3746 623 3797 A.
642 3742 674 3797 U.
692 3742 721 3796 G.
738 3742 844 3796 Dxcv.
