3034 4434
647 485 824 536 ..23-

231 630 326 703 Atque
345 631 492 690 hactenns
511 629 625 691 facilem
645 647 796 690 assensum
816 630 917 690 videar
929 631 1000 690 mihi
1013 629 1164 689 habiturus
1179 648 1237 690 om·
1250 649 1275 688 aa

232 707 316 781 nium,
344 709 396 779 qni
417 709 510 767 oculis
530 709 590 767 suis
610 707 731 767 credere
752 707 925 766 didicerunt.
965 708 1006 766 At
1025 723 1105 776 vero,
1125 709 1150 766 si
1168 724 1238 768 non-

232 785 375 844 nullorum
399 784 561 858 probabilis
588 792 633 844 est
659 785 803 858 suspicio,
828 785 900 843 haec
921 791 951 843 et
969 786 1084 856 reliqua
1104 783 1238 843 Carmina
1251 803 1277 842 aa

233 862 345 920 illomm
365 866 531 934 tempormn
551 862 639 920 nullis
658 863 823 921 litterarum
842 861 980 920 mandata
998 863 1084 934 notis,
1109 862 1161 920 sed
1181 862 1239 934 pri-

208 993 210 997 ,
233 954 308 996 mum
328 955 348 996 a
368 939 466 1011 poetis
485 939 653 998 memoriter
672 937 751 998 facta
772 944 802 996 et
822 944 909 996 cantu
923 939 1013 1008 edita,
1033 944 1094 996 tum
1108 955 1161 1011 per
1174 939 1239 998 rha-

235 1014 350 1087 psod0s‚
371 1016 459 1072 iniis
480 1015 644 1074 ediscendis
664 1016 785 1089 propria
795 1021 859 1073 arte
870 1021 1036 1088 occupatos,
1057 1015 1240 1075 canendodi-

235 1092 351 1164 vulgato
366 1106 447 1162 esse3
462 1107 498 1150 ex
512 1107 577 1163 quo,
591 1098 745 1164 antequam
759 1093 869 1164 scripto
883 1092 963 1150 velut
975 1091 1142 1166 figerentur,
1155 1094 1241 1166 plura

235 1168 319 1225 iniis
340 1169 389 1226 vel
410 1169 530 1228 consilio
551 1170 597 1227 vel
618 1185 687 1228 casn
707 1170 853 1228 immutari
873 1185 990 1228 necesse
1011 1176 1101 1240 esset;
1123 1171 1147 1226 si
1166 1170 1241 1228 banc

236 1245 326 1316 ipsam
347 1244 385 1303 ob
407 1261 534 1317 causam,
554 1247 651 1304 statim
665 1252 698 1304 ut
712 1246 800 1305 scribi
813 1252 918 1319 coepta
931 1253 1006 1315 sunt,
1028 1247 1132 1304 multas
1146 1246 1241 1304 diver-

238 1321 337 1380 sitates
358 1321 532 1394 habuerunt,
552 1339 618 1382 mox
638 1339 727 1381 novas
741 1322 864 1382 subinde
878 1323 1063 1381 adsciverunt
1075 1325 1241 1382 temeritate

239 1404 267 1456 et
286 1399 461 1457 coniecturis
476 1415 583 1472 eorum,
604 1401 653 1471 qui
669 1416 704 1458 ea
718 1401 851 1459 certatim
867 1401 1004 1472 expolire,
1026 1405 1055 1458 et
1069 1400 1106 1458 ad
1117 1401 1241 1472 optimas

238 1476 315 1547 leges
336 1476 471 1547 poeticae
485 1476 557 1534 artis
568 1476 606 1534 ad
620 1493 761 1549 suamque
775 1477 1015 1537 consuetudinem
1028 1477 1165 1548 loquendi
1179 1493 1241 1536 cor-

239 1551 334 1624 rigere
348 1551 520 1625 studebant3
534 1553 559 1610 si
573 1552 696 1625 denique
710 1558 805 1613 totum
818 1555 893 1612 hunc
908 1558 1073 1612 contentum
1087 1570 1122 1611 ac
1136 1555 1241 1612 seriem

241 1629 359 1687 duorum
380 1635 586 1702 perpetuorum
608 1629 773 1688 Garminnm
794 1647 852 1689 non
871 1635 931 1688 tam
953 1631 1024 1697 eius,
1045 1631 1092 1687 cni
1113 1646 1176 1687 eam
1190 1631 1242 1688 tri-

241 1704 327 1763 buere
342 1707 552 1778 consuevimus,
566 1707 693 1779 ingenio,
708 1723 793 1779 qnam
809 1708 958 1766 sollertiae
972 1707 1116 1779 politioris
1127 1707 1192 1763 aevi
1213 1713 1243 1765 et
1276 1712 1281 1720 '
1337 1725 1341 1733 ·

241 1782 393 1840 multorum
413 1783 572 1841 coniunctis
592 1784 697 1842 studiis
713 1784 822 1857 deberi,
843 1799 937 1856 neque
951 1784 1025 1842 adeo
1039 1784 1117 1856 ipsas
1131 1780 1242 1850 ἀοιδάς,

242 1859 398 1929 exquibus
424 1859 494 1917 Ilias
515 1866 546 1918 et
565 1859 696 1934 Odyssea
723 1861 899 1934 compositae
925 1868 1006 1932 sunt,
1032 1877 1119 1918 unum
1143 1875 1242 1918 omnes

242 1940 388 1994 auctorem
399 1935 518 2008 babere,
539 1938 742 1996 verisimilibus
759 1939 937 2010 argumentis
951 1944 980 1997 et
993 1936 1153 1997 rationibus
1169 1935 1243 1995 effici

242 2017 349 2083 potest3
371 2012 404 2084 si,
424 2014 550 2085 inquam,
571 2015 657 2072 aliter
678 2014 715 2073 de
735 2015 780 2072 bis
801 2014 941 2087 omnibus,
964 2031 998 2073 ac
1018 2016 1104 2087 vulgo
1124 2013 1169 2085 fit,
1196 2030 1243 2072 ex-

242 2088 425 2146 istimandum
446 2095 506 2147 est:
546 2091 615 2162 quid
640 2097 700 2150 turn
722 2093 790 2164 erit,
814 2091 860 2149 bis
887 2091 1067 2151 Carminibus
1091 2092 1243 2165 pristinum

243 2165 363 2224 nitorem
383 2171 413 2224 et
433 2181 599 2239 germanam
619 2166 739 2226 formam
759 2184 842 2226 suam
861 2170 1038 2228 restituere?
1153 2227 1165 2245 ‚

317 2241 423 2300 Paucis
454 2242 549 2301 verbis
570 2243 729 2317 significavi
751 2261 801 2317 ea,
829 2245 865 2303 de
886 2247 989 2318 quibus
1009 2247 1107 2319 paullo
1127 2251 1194 2319 past
1214 2252 1244 2302 et

245 2319 405 2377 accuratius
426 2319 484 2378 alio
504 2320 567 2379 loeo
588 2321 738 2380 disseram.
771 2323 912 2394 Quoniam
932 2325 1007 2381 enim
1027 2324 1124 2393 video,
1150 2324 1180 2379 in
1199 2322 1244 2380 his

244 2395 310 2454 mihi
330 2397 514 2468 antiquitatis
533 2413 627 2470 paene
647 2399 738 2457 omnis
752 2397 894 2457 firmatam
908 2401 1071 2471 opinionem
1084 2399 1244 2457 convellen-

245 2471 307 2530 dam
329 2489 403 2545 esse,
424 2488 481 2544 quo
501 2475 695 2548 incorruptius
709 2492 792 2534 meae
805 2477 933 2533 rationes
948 2475 1153 2547 ponderentur,
1167 2490 1244 2532 nunc

244 2548 382 2607 duntaxat
406 2550 522 2622 potiora
551 2558 696 2611 momenta
726 2569 826 2611 earum
848 2552 1011 2609 summatim
1042 2557 1071 2609 et
1102 2566 1243 2622 suspensa

243 2641 327 2684 manu
346 2627 489 2685 tractabo.
511 2629 591 2699 Quae
612 2646 699 2701 quum
720 2630 890 2687 intellexero
912 2627 1033 2686 eruditis
1046 2645 1103 2686 non
1116 2628 1241 2700 placere,
1255 2654 1283 2692 40

244 2701 272 2759 id
292 2708 337 2761 est
357 2704 510 2762 contrariis
522 2707 675 2764 momentis
691 2711 722 2764 et
735 2706 896 2765 rationibus
911 2705 1029 2773 elevari,
1048 2705 1121 2763 haec
1134 2705 1242 2777 primns

243 2780 302 2853 ipse
322 2780 499 2853 retractabo,
520 2779 610 2839 τὰδὲ
630 2781 722 2840 πάντα
742 2781 806 2839 θεοὶ
823 2781 993 2860 μεταμώλια
1012 2780 1098 2840 θεῖεν.
1118 2784 1194 2841 Nam
1214 2789 1244 2840 et

242 2856 309 2913 nihil
329 2857 359 2913 in
378 2856 424 2914 his
444 2857 563 2930 litteris,
590 2859 667 2930 qnod
694 2866 796 2918 contra
815 2876 994 2918 communem
1013 2861 1177 2932 opinionem
1197 2859 1243 2930 sit,

244 2931 490 3005 expavescendum
509 2941 580 3007 puto
595 2952 659 2994 esse
674 2937 737 2994 veri
751 2936 890 3009 studioso,
912 2943 951 3009 et,
972 2936 1021 2994 ubi
1033 2938 1155 2995 historia
1165 2942 1244 2994 tacet

242 3185 292 3224 ncn
309 3168 481 3235 Eustathius,
498 3184 553 3222 non
564 3168 635 3222 ullus
647 3167 864 3233 Scholiastarum‚
882 3165 910 3219 id
922 3165 1030 3233 quidem
1047 3167 1135 3220 minus
1147 3167 1243 3220 mirum

242 3238 354 3292 videtur.
392 3236 493 3298 Carent
509 3236 549 3289 illi
567 3237 647 3290 etiam
665 3234 813 3302 insignibus
831 3234 960 3302 versibus,
978 3250 1045 3302 quos
1063 3235 1167 3289 duabus
1178 3235 1245 3288 locis

243 3304 403 3359 Plutarchus
421 3303 500 3358 docet
518 3304 552 3357 ab
561 3303 751 3358 Alexandrinis
764 3308 913 3370 expunctos
923 3318 980 3356 esse
990 3303 1018 3356 in
1028 3304 1149 3357 oratione
1158 3304 1243 3356 Phoe·

243 3373 306 3427 uicis
325 3377 486 3440 e.458.sqq.‚
503 3387 533 3426 re
554 3372 636 3426 ositos
655 3388 672 3425 a
689 3386 732 3423 rna
751 3371 865 3424 aliorum
883 3371 1006 3438 exemplo
1025 3377 1052 3423 et
1070 3371 1168 3425 iudicio
1180 3370 1243 3423 Val-

244 3441 361 3495 ckenarii
378 3441 465 3494 Diatr.
483 3441 511 3493 in
528 3389 667 3508 Euripidis
685 3438 790 3506 Reliqq.
808 3455 835 3506 p.
853 3442 912 3492 264.
932 3440 971 3560 flet
984 3438 1108 3506 Knightii
1125 3457 1149 3492 v.
1166 3454 1243 3507 prae-

244 3507 286 3563 fat.
298 3524 386 3563 novae
397 3507 521 3562 editionis
530 3524 556 3575 p.
565 3507 646 3562 XOV.
656 3508 732 3586 nct.].
753 3507 879 3560 Getarum
892 3523 926 3561 ex
957 3507 980 3560 is
990 3507 1112 3560 omnibus
1120 3511 1242 3574 apparet,

245 3593 320 3643 quam
339 3591 403 3630 vere
421 3576 474 3629 iam
492 3577 593 3630 dudum
603 3576 753 3644 Giphanrns
772 3575 892 3642 senserit,
910 3582 1010 3642 textus,
1028 3591 1081 3642 quo
1090 3571 1244 3627 Alexander

245 3643 277 3698 M.
302 3661 368 3699 usus
391 3643 447 3710 sit,
464 3645 616 3713 exemplum
640 3645 668 3697 in
695 3650 788 3698 nostro
812 3659 865 3697 non
889 3658 1037 3711 superesse.
1077 3641 1110 3694 Id
1133 3657 1167 3694 ex
1189 3654 1243 3692 uno

246 3713 387 3768 Aristotele
407 3711 519 3780 intelligi
537 3712 644 3767 licebat.
