3034 4434
648 502 862 603 -111-Ι

243 695 313 768 pulo,
339 695 519 767 quantumvis
540 702 639 767 acuto,
664 695 833 767 contingere
857 713 914 756 non
934 696 1028 755 solere
1048 695 1228 756 coniunctam

241 770 335 830 indicii
355 771 545 831 subtilitatem
565 789 629 830 cum
649 773 745 831 divina
764 773 873 845 ingenii
891 774 919 830 ri
940 789 974 831 ao
993 771 1148 846 spiritua),
1168 773 1234 832 ubi-r

240 864 290 922 qne
310 854 392 907 vates
412 846 501 907 fuisso
521 850 685 922 ingeniosos
705 855 773 908 ante
793 855 886 908 artem
899 850 1046 908 sollertius
1058 852 1227 923 percultam,

238 931 322 998 atque
347 924 421 984 adeo
445 926 600 998 plurimum
627 927 766 1000 polluisse
790 927 853 984 sine
879 926 938 984 illa.
977 927 1052 985 Nolo
1072 926 1229 987 Homerum

237 1003 255 1061 1.
274 1019 299 1061 1.
320 1003 441 1074 antiqua
455 1000 588 1062 Carmina
606 1004 707 1062 Ionum
727 1019 895 1076 comparare
916 1019 979 1060 cum
994 1002 1109 1062 Ossiani
1123 1003 1230 1063 Carmi-

236 1079 316 1138 nibus
339 1078 469 1151 Celticis,
495 1096 569 1151 quae
593 1087 690 1139 tamen
713 1096 768 1138 uec
790 1080 873 1137 nnius
897 1079 1004 1138 aetatis
1026 1078 1086 1138 'nec
1105 1082 1231 1153 genuina

235 1156 315 1216 nobis
342 1155 453 1214 tradita
478 1173 541 1216 esse
570 1163 654 1230 puto:
695 1156 747 1215 sed
773 1156 810 1214 de
829 1156 946 1215 Ariosto
967 1162 997 1214 et
1017 1156 1230 1231 Shakespeario

235 1249 317 1292 nemo
337 1233 381 1291 ita
401 1234 533 1306 senserit,
553 1240 586 1291 nt
606 1250 655 1293 eos
676 1250 739 1292 cnm
759 1234 876 1306 ingenio
896 1239 926 1292 et
946 1239 1009 1291 arte
1023 1233 1143 1292 Homeri
1156 1251 1231 1294 com-

235 1309 380 1385 parandos
400 1316 496 1381 neget.
535 1315 575 1368 At
594 1327 686 1369 nonno
706 1311 736 1368 in
755 1311 801 1368 his
820 1311 911 1368 multa
931 1315 1005 1380 sunt,
1026 1326 1101 1381 qnae
1113 1311 1231 1370 Lessin-

235 1388 313 1461 3111,
338 1386 524 1460 Wielandus,
549 1387 668 1446 Vossius
697 1387 835 1446 mutanda
861 1393 890 1444 et
908 1386 1065 1445 recidenda
1084 1393 1230 1461 putarent,

235 1465 258 1522 si
277 1464 409 1522 criticam
429 1462 525 1523 facere
539 1465 646 1522 vellent
665 1464 704 1522 ad
724 1464 900 1523 Graecorum
924 1464 1052 1521 morem?
1084 1463 1179 1535 Quid?
1206 1466 1231 1522 si

234 1540 367 1601 ‚diversos
381 1541 493 1600 illorum
507 1546 658 1614 poetarum
673 1547 702 1599 et
715 1540 913 1614 discrepantes
926 1539 1041 1598 codices
1054 1540 1235 1614 haberemus,

235 1633 327 1677 nonne
352 1616 383 1675 id
409 1618 453 1675 vel
480 1635 618 1676 summam
642 1618 815 1685 modestiam
835 1617 899 1676 acri
918 1618 1009 1676 nostri
1028 1616 1067 1675 ad
1087 1617 1228 1678 Graecam

236 1694 387 1754 audaciam
405 1695 560 1753 invitaret?
582 1694 658 1767 Quid
678 1695 771 1753 adeo‘l
792 1694 817 1751 si
831 1711 848 1752 e
861 1693 1041 1767 discordibus
1054 1694 1226 1753 testimoniis

236 1779 384 1831 cantorum
410 1778 439 1829 et
470 1772 653 1830 librariorum
672 1771 856 1830 Aristarchus
885 1787 921 1829 ne
946 1770 1225 1851 perierandum,

236 1849 363 1922 quamvis
383 1849 529 1916 voluisset,
551 1865 643 1921 eoque
662 1849 746 1907 unice
768 1849 894 1907 animum
912 1847 1094 1919 intendisset,
1114 1864 1226 1920 germa-

235 1942 300 1984 num
322 1932 360 1997 ct,
381 1931 413 1983 nt
433 1927 474 1984 ita
495 1925 597 1998 dicam,
617 1927 819 1998 primigenium
839 1921 935 1981 ἀοιδὸν
955 1923 1109 1996 reducere,
1138 1941 1227 1996 quan·
1245 1952 1284 1993 ,ὃς

235 2002 397 2075 doquidem,
425 2003 492 2074 quid
512 2003 588 2060 inter
606 2003 682 2060 hunc
703 2008 733 2062 et
760 2003 908 2075 egregium
926 2001 1114 2075 rhapsodum,
1140 2007 1227 2073 atque

235 2096 342 2151 nuens,
363 2079 431 2151 quid
450 2081 527 2138 inter
545 2080 721 2153 rhapsodum
740 2079 880 2138 mediocri
899 2080 1013 2152 ingenio
1027 2085 1058 2137 et
1069 2079 1228 2137 Homerum

236 2156 437 2216 dormitantem
462 2156 584 2215 subinde
610 2165 640 2214 et
666 2174 717 2215 suo
742 2157 909 2215 abutentem
928 2156 1044 2228 ingenio
1064 2157 1228 2229 interesset,
1313 2152 1317 2160 ’

236 2235 314 2292 nulla
333 2234 453 2292 hominis
474 2235 635 2304 sagacitate
655 2234 785 2305 dignosci
805 2234 908 2307 potuit.

313 2311 361 2371 Sic
381 2311 505 2382 denique
525 2317 662 2382 apparet,
690 2326 776 2381 quam
801 2325 907 2381 anceps
928 2310 1053 2368 conditio
1079 2311 1123 2367 rei
1142 2308 1231 2368 fuerit

237 2393 306 2456 tum,
327 2404 413 2459 quum
427 2386 611 2444 Aristarchus
625 2386 751 2445 Homero
772 2402 909 2444 summam
929 2403 1044 2444 manum
1063 2387 1232 2458 imponeret.

234 2462 378 2522 Videlicet
401 2465 476 2521 hunc
502 2463 639 2522 Oriticum
665 2466 811 2518 absolvisse
841 2466 945 2518 11111111
976 2466 1045 2518 hooc
1070 2466 1186 2533 politum
1209 2472 1234 2517 ct

234 2545 390 2597 mocianum
410 2537 610 2618 διασκευὴν
629 2534 788 2618 Ὁμηρικήν,
812 2542 843 2595 ira
862 2558 916 2609 qao
935 2559 982 2594 111
1000 2542 1114 2594 1111111111
1130 2541 1231 2611 primo,

235 2636 278 2674 11·
302 2621 387 2672 imum
415 2620 549 2688 discrepat
574 2619 674 2688 11111,
703 2616 882 2689 eundemque
905 2613 1029 2675 fortasse
1050 2616 1123 2673 haec
1142 2630 1232 2687 opera

235 2693 290 2753 duo
305 2696 335 2751 iu
348 2694 410 2766 has,
426 2710 499 2765 qnae
512 2711 587 2753 nunc
599 2700 795 2766 numerantur,
809 2692 979 2766 rhapsodias
994 2693 1134 2760 divisisse,
1150 2691 1240 2751 Oom-.

234 2771 441 2831 mentatoribus
469 2776 498 2829 et
519 2770 720 2829 Grammaticis
740 2771 903 2830 Homericis
929 2770 1014 2829 facile
1034 2766 1230 2842 credimusss).

299 3004 336 3068 4⁰)
353 3000 447 3068 Longe
466 2999 519 3052 alia
537 3006 612 3053 aetas
629 3000 754 3068 producit
773 3000 925 3069 scriptores,
944 3001 1004 3068 pari
1016 3001 1179 3056 excellentes
1191 3004 1230 3056 in-

235 3072 311 3138 genio
331 3076 359 3122 et
377 3075 444 3146 arte,
463 3084 571 3188 eosEoAue,
595 3071 649 3138 qni,
668 3071 864 3135 uictimarum,
882 3071 934 3120 nisi
952 3072 1019 3136 qood
1035 3072 1230 3138 1111ἱί111111,

233 3143 262 3191 ut
280 3143 344 3206 apte
362 3136 429 3189 Phu.
447 3144 485 3190 art
528 3153 572 3205 pp.
591 3136 635 3205 IV,
653 3141 695 3192 26.

300 3223 336 3288 41)
360 3224 420 3275 Vet.
440 3221 584 3275 Grammat.
613 3223 646 3276 de
665 3223 740 3290 poesi
757 3222 835 3276 Hom.
854 3227 878 3276 2.
914 3220 989 3275 Εἰσὶν
1014 3224 1089 3294 αὐτῷ
1107 3224 1228 3294 ποιήσεις

234 3291 291 3354 δύο,
310 3288 409 3348 Ἰλιὰς
425 3289 479 3340 καὶ
497 3289 687 3354 Ὀδύσσεια,
710 3291 860 3361 διῃρημένη
883 3292 1002 3361 ἑκατέρα
1025 3293 1063 3352 εἰς
1080 3297 1126 3345 τὸν
1146 3294 1226 3362 ἀριθ-

232 3361 281 3423 μὸν
301 3365 356 3411 τῶν
376 3360 528 3431 στοιχείων,
553 3359 602 3429 οὐχ
621 3360 666 3411 ὑπ’
686 3360 837 3411 αὐτοῦτοῦ
860 3365 989 3430 ποιητοῦ,
1015 3361 1078 3413 oll’
1099 3362 1149 3413 ὑπὸ
1172 3364 1226 3412 τῶν

233 3425 431 3497 Γραμματικῶν
462 3431 526 3477 τῶν
557 3427 638 3497 περὶ
664 3427 897 3498 Ἀρίσταρχον.
944 3427 982 3482 cf.
1001 3429 1126 3482 Eustath.
1156 3444 1183 3495 p.
1201 3433 1226 3480 ὃ.

234 3503 299 3549 extr.
319 3503 346 3548 et
355 3494 438 3548 lensii
448 3493 606 3550 Lucubratt.
619 3495 674 3548 Hes
694 3494 770 3562 ch.p.
782 3499 840 3549 284.
870 3496 996 3550 Similiter
1004 3496 1126 3550 feceramt
1135 3495 1227 3549 Gram-

233 3564 323 3618 matici
340 3562 437 3616 Graeci
454 3563 482 3615 in
491 3563 629 3617 Herodoto
642 3511 844 3630 etylhucydide,
856 3565 1000 3632 multisque
1013 3564 1086 3629 aliis3
1104 3563 1227 3616 1111111-

233 3631 295 3694 tini,
323 3639 451 3699 tauquam
469 3630 595 3685 Octavius
612 3631 761 3698 Lampadio
783 3631 812 3684 in
829 3632 925 3686 Naevii
947 3633 1024 3686 Bello
1041 3632 1150 3684 Punico.
1185 3631 1227 3685 De

233 3701 352 3769 reliquo,
382 3700 454 3767 quod
476 3699 661 3754 Aristarchum
691 3701 766 3752 haiae
784 3701 925 3770 διασκευῆς
940 3711 1042 3752 nostroe
1065 3703 1225 3762 conjectorem

232 3769 347 3838 appello,
367 3783 415 3823 our
432 3769 471 3822 ita
489 3768 604 3835 credam,
621 3768 816 3822 aliovolnmine
829 3767 976 3837 explicabo.
995 3766 1046 3821 Est
1057 3765 1123 3821 illud
1134 3768 1226 3834 paullo
