3034 4434
672 549 851 602 ..43-

269 704 341 760 tium
360 699 571 769 historicorum,
592 697 736 769 geminum
754 698 799 755 illi
817 697 855 755 de
873 697 1002 770 Noacho,
1023 697 1123 770 qualia
1142 698 1264 757 hbenter

262 777 387 850 arripuit
404 777 462 833 ista
481 780 572 833 aetas.
605 774 646 833 At
665 775 695 830 in
708 774 864 833 Eustathio
877 791 933 833 non
947 774 1096 833 Eustathii
1115 776 1265 848 opiniones

264 853 437 927 quaerimus,
450 850 503 910 sed
515 852 704 910 vetustiorum
717 852 920 922 litteratorum,
934 868 1054 923 quorum
1067 851 1186 911 Scholia
1199 860 1266 911 ante

268 931 366 991 oculos
392 928 526 988 habebat.
565 927 612 986 Ex
635 928 681 986 his
706 934 804 986 autem
824 928 946 987 Scholiis
975 944 1041 986 eum
1060 929 1168 1000 ubique
1185 935 1221 988 'et
1239 931 1267 986 in

263 1008 300 1066 iis
320 1006 450 1064 versibus
470 1005 602 1076 maxime,
621 1005 672 1063 ubi
691 1021 753 1063 rem
772 1021 830 1063 non
848 1005 945 1064 obiter
963 1010 1080 1079 tractat,
1099 1005 1159 1064 aha
1172 1007 1268 1066 omnia

269 1081 389 1155 referre,
408 1083 507 1156 paullo
526 1099 592 1140 mox
611 1081 775 1140 viderimus.

343 1160 419 1218 Num
444 1175 513 1218 vcro
533 1159 676 1217 Homerus
700 1159 765 1230 ipse
790 1159 919 1232 ignotam
937 1158 1073 1218 heroibus
1094 1161 1156 1218 suis
1176 1165 1269 1219 artem

271 1238 379 1308 scierit,
405 1252 546 1308 nusquam
558 1251 612 1293 nec
631 1235 802 1295 Eustathius
821 1252 884 1309 nec,
910 1241 1048 1308 quantum
1069 1252 1125 1308 ego
1143 1239 1269 1311 reperio,

273 1314 427 1386 qnisquam
439 1313 664 1372 Scholiastarnm
681 1313 808 1385 quaerit:
828 1314 930 1371 iteres
944 1314 981 1372 ab
994 1313 1030 1370 iis
1043 1329 1097 1371 nec
1109 1312 1271 1373 affirmatur

271 1407 325 1449 nec
345 1397 470 1462 negatur
489 1390 630 1464 praecise.
656 1390 700 1448 Ac
719 1390 819 1462 quanti
838 1389 977 1448 iaciamus
996 1390 1110 1448 illorum
1128 1407 1226 1464 voces,
1246 1393 1270 1449 si

271 1484 321 1544 eas
349 1467 492 1526 mendacii
518 1468 690 1527 convincant
708 1473 825 1539 eventa,
852 1483 927 1539 quae
947 1484 984 1526 ne
1004 1472 1134 1534 extrema
1153 1468 1271 1540 quidem

272 1551 354 1604 aetas
378 1545 464 1617 plane
490 1544 701 1603 dissimulavit?
740 1545 787 1602 Ne
805 1545 909 1602 multa:
950 1546 1038 1603 etiam
1056 1544 1270 1605 Alexandrinos

269 1621 391 1682 (hiticos
405 1621 483 1680 haud
497 1621 584 1680 dubie
597 1621 809 1680 exercuithaec
822 1622 969 1693 quaestio:
989 1637 1044 1678 nec
1053 1621 1170 1680 aliunde
1185 1639 1271 1694 quam

272 1715 308 1757 ex
318 1699 562 1773 disputationibus
573 1715 671 1757 eorum
681 1699 817 1770 manavit,
838 1699 863 1756 si
873 1698 943 1770 qnid
953 1698 1135 1757 auctoritatis
1145 1699 1176 1757 in
1189 1706 1273 1758 tanta

265 1778 377 1836 iactura
388 1775 525 1834 librorum
540 1781 670 1833 veterum
683 1774 818 1846 ambiguo
831 1775 946 1834 silentio
960 1774 1139 1834 scholiorum
1153 1783 1271 1837 nostro-

274 1871 338 1911 rum
357 1853 484 1911 obiicere
504 1868 663 1924 possumus.
703 1851 749 1909 Ita
768 1852 950 1910 sentiendum
971 1852 1072 1911 estde
1091 1854 1273 1912 memorabili

275 1933 338 1988 loco
357 1928 487 2001 Iosephi,
517 1928 567 1986 ubi
590 1928 744 2001 perspicue
764 1927 848 2001 dicit,
875 1931 1023 1985 Homerum
1041 1932 1117 1984 tradi
1134 1934 1272 2002 empturo

230 2017 255 2055 ll
279 2025 357 2060 urum
380 2021 434 2058 ααα
451 2006 543 2075 fur'aac
566 2008 595 2060 in
614 2007 766 2076 palpando
799 2007 982 2075 Carminibus,
1011 2025 1093 2076 eaquae
1108 2010 1201 2077 primo
1220 2027 1272 2062 me·

280 2083 389 2136 moriter
402 2081 524 2150 'prodita
548 2084 577 2135 ιἰι
603 2083 700 2152 colpos
726 2091 750 2136 et
769 2091 943 2155 ραοραραῖο,
965 2091 1061 2153 postca
1078 2085 1175 2138 litteris
1194 2103 1272 2138 mon·

231 2171 256 2209 ts
277 2161 348 2212 dota
373 2157 443 2210 banc
464 2160 585 2225 formum
611 2167 635 2212 et
659 2167 773 2213 tenorem
794 2158 998 2230 ,adaom'afflt
1037 2159 1131 2218 Unica
1154 2160 1272 2231 quidem

276 2319 357 2386 docti,
375 2318 472 2386 quibus
489 2316 534 2371 ille
552 2316 692 2371 familiaris
709 2323 768 2385 ast,
789 2318 870 2372 etiam
888 2335 942 2373 non
959 2319 1088 2374 admoniti
1105 2319 1273 2374 animadver-

272 2395 346 2455 tent3
364 2387 447 2441 ceteri
464 2385 544 2440 modo
562 2386 703 2441 crederent
729 2392 785 2455 aut,
809 2387 897 2441 minus
914 2394 1012 2442 natura
1028 2388 1139 2455 creduli,
1157 2387 1186 2440 in
1198 2389 1272 2456 cupi-

273 2457 385 2512 ditatem
402 2471 489 2510 meam
506 2455 653 2509 traherent.
688 2426 822 2509 lieutrum
839 2455 987 2523 periculum
1004 2457 1048 2510 hio
1065 2456 1155 2510 subire
1172 2456 1248 2510 libet.

340 2543 376 2612 38)
395 2541 494 2596 Contra
510 2540 608 2608 Apion.
627 2543 652 2607 l,
676 2543 700 2593 2.
717 2557 744 2609 p.
762 2545 822 2598 439.
857 2541 921 2608 ’θψὲ
943 2542 986 2594 καὶ
1008 2540 1084 2606 μόλις
1106 2539 1230 2608 ἔγνωσαν
1249 2542 1273 2592 αῖ

265 2609 389 2681 ’Έλληνες
412 2610 494 2679 φύσιν
518 2610 698 2679 γραμμάτων.
741 2607 777 2660 ot
806 2610 873 2678 γὰρ
897 2611 938 2679 ἀρ
968 2609 1134 2677 αιοτιίτην
1158 2610 1271 2663 αὐτῶν

270 2682 479 2750 τὴνχρῆσιν
504 2677 597 2730 εἶναι
615 2677 794 2741 θέλοντες,
822 2679 914 2746 παρὰ
960 2675 1272 2730 οινίκωνκαὶΚάδ·

269 2767 334 2812 pon
366 2747 601 2809 σεμνύνονται
630 2745 773 2807 μαθεῖν·
809 2744 841 2796 οὐ
866 2747 920 2815 μὴν
948 2747 1007 2798 οὐδ’
1030 2746 1073 2798 ἐπ’
1096 2746 1199 2799 ἐκείνου
1223 2750 1273 2799 τοῦ

269 2815 371 2884 χρόνου
397 2814 510 2865 δύναιτό
533 2830 574 2871 τις
600 2810 632 2863 ἂν
660 2809 748 2869 δεῖξαι
775 2813 930 2884 σωζομένην
958 2815 1135 2884 ἀναγραφήν,
1162 2813 1221 2866 οὔτ’
1242 2815 1271 2866 ἐν

273 2883 372 2949 ἱεραῖς,
399 2880 454 2933 οὔτ’
480 2880 509 2931 ἐν
536 2879 671 2948 ὼγμοσίοις
694 2879 875 2948 ἀναθήμασιν.
902 2883 1030 2950 (Miratur
1046 2883 1099 2936 hoc
1117 2885 1136 2935 l.
1154 2883 1186 2936 G.
1206 2881 1271 2937 Vos-

273 2952 328 3005 sius
346 2958 459 3029 propter
475 2947 576 3002 nobiha
593 2948 787 3016 epigrammata
803 2948 942 3004 Herodoti.
971 2951 1060 3004 Aliter
1070 2967 1142 3005 nunc
1153 2951 1272 3005 sentient

268 3020 296 3089 ii,
315 3033 361 3087 qut
378 3033 460 3085 supra
477 3033 494 3071 a
510 3032 554 3070 me
571 3017 699 3084 scriptum
711 3015 858 3083 probarint.
886 3018 1018 3073 Nimirum
1027 3019 1159 3101 Iosephus
1170 3034 1271 3086 operae

276 3089 391 3156 pretium
409 3102 462 3141 non
480 3085 564 3154 duxit,
582 3085 634 3138 illis
652 3093 680 3138 ct
698 3084 828 3138 simihbus
844 3084 943 3141 fabulis
961 3086 1271 3154 refutand1simmorari3

270 3163 298 3210 et
314 3157 434 3210 fecerant
446 3154 479 3208 id
496 3161 558 3209 ante
576 3169 636 3208 eum
655 3152 701 3207 alii
711 3154 797 3221 multi,
814 3159 845 3207 ut
856 3155 966 3223 hicipse
978 3156 1053 3210 locus
1065 3155 1194 3210 ostendit.
1213 3155 1271 3208 Iam

270 3225 413 3292 diligenter
429 3223 588 3289 consideret,
606 3238 674 3290 quae
693 3222 768 3276 addit
775 3230 792 3288 τ’)
821 3221 902 3277 Ὅπου
919 3243 952 3294 γε
970 3223 1013 3275 καὶ
1030 3224 1110 3294 περὶ
1132 3227 1200 3275 τῶν
1218 3224 1272 3275 ἐπὶ

277 3289 399 3362 Τροίαν
440 3291 624 3350 τοσούτοις
657 3290 750 3343 ἔτεσι
783 3294 1079 3360 στρατευσάντων
1117 3291 1269 3360 ὕστερον

273 3360 381 3429 πολλὴ
399 3361 548 3429 γέγονεν
566 3359 695 3427 ἀπορία
712 3360 821 3411 renai
840 3361 989 3430 ζήτησις,
1012 3361 1043 3411 εἰ
1065 3361 1269 3431 γράμμασιν

273 3429 444 3517 ἐγρῶντο·
470 3427 512 3479 καὶ
541 3427 656 3495 τάληθὲς
685 3429 829 3496 ἐπικρατεῖ
853 3429 954 3492 μᾶλλον
983 3429 1048 3498 περὶ
1074 3432 1122 3483 τοῦ
1152 3430 1202 3499 τὴν
1223 3432 1269 3481 νῦν

273 3514 359 3549 οοααν
386 3501 440 3547 τῶν
464 3497 632 3566 γραμμάτων
648 3500 748 3579 χρῆσιν
768 3497 883 3556 ἐκείνους
900 3499 1018 3566 ἀγνοεῖν.
1047 3495 1128 3556 ’θλως
1146 3497 1270 3566 δὲπαρά

274 3568 331 3624 τοῖς
342 3561 462 3633 Ἕλλησιν
481 3563 561 3614 οὐδὲν
573 3562 785 3632 ὁμολογοομενον
801 3566 957 3632 εὑρίσκεται
969 3566 1085 3635 γράμμα
1093 3570 1142 3634 τῆς
1154 3563 1270 3636 Ὁμήρου

276 3633 410 3702 ποιήσεως
437 3632 636 3700 πρεςβύτερον.
683 3631 768 3691 Οὗτος
795 3632 825 3683 δὲ
851 3635 895 3684 καὶ
921 3639 974 3689 τῶν
998 3632 1020 3687 Τ
1039 3639 1125 3686 ωϊκιῖνν
1150 3632 1269 3703 ὕστερον

276 3702 402 3770 φαίνεται
429 3700 583 3770 γενόμενος.
619 3694 675 3753 Καί
698 3718 780 3766 φασιν
805 3700 868 3752 οὐδὲ
894 3706 988 3754 τοῦτον
1028 3703 1202 3772 νγράμμασι
1221 3704 1268 3771 τὴν

275 3771 358 3822 αὑτοῦ
384 3769 489 3839 ποηίσιν
513 3766 678 3832 καταλιπεῖν,
702 3767 770 3819 ἀλλὰ
793 3769 1072 3840 διαμνημονεοομένην
1099 3772 1200 3822 ἐκτῶν
1220 3771 1268 3821 ἀσ-
