3034 4434
219 847 245 886 n

666 531 847 581 „22-

256 680 417 753 exemplum
426 678 565 737 habemus
578 679 733 750 integrmn,
753 677 807 735 sed
820 678 959 749 proximis
972 695 999 734 a
1014 677 1080 735 Chr.
1093 685 1163 736 nato
1178 685 1260 736 aeta-

255 757 334 815 trbus
358 755 455 814 denuo
477 755 658 827 recognitum
684 761 715 812 et
733 754 772 810 ad
792 755 937 813 rariorum
957 754 1130 813 Criticorum
1149 755 1261 812 iudicia

256 831 398 903 relictum,
416 838 564 905 memo
583 832 665 890 noris
676 831 797 888 maculis
811 833 1042 904 peringrucntia
1054 831 1181 888 barbara
1195 849 1260 889 sac

258 911 324 967 cula
343 909 528 981 adspersum:
552 924 648 967 noune
666 925 703 965 ex
721 908 768 964 his
787 908 875 966 rebus
888 907 1080 979 colligendum
1094 916 1156 971 est,
1181 909 1261 979 quod

257 987 315 1044 iam
335 986 404 1045 olim
424 983 602 1044 confidenter
620 984 724 1055 dixi⁶)‚
749 986 841 1043 multo
865 985 952 1042 ubam
970 985 1103 1042 Lucretii
1128 986 1175 1042 rel
1196 986 1260 1041 Vir·

259 1062 321 1136 gilii
340 1069 428 1133 atque
441 1062 561 1120 Homeri
580 1078 645 1120 esse
665 1063 884 1133 integritatem?
903 1061 950 1118 De
962 1061 1076 1119 diversa
1090 1069 1188 1119 autem
1201 1063 1260 1134 pri-

258 1155 371 1197 scarum
391 1139 504 1197 illarum
518 1146 549 1196 et
561 1138 822 1196 Alexandrinarum
835 1137 993 1196 editionum
1006 1139 1171 1196 conditione
1185 1155 1261 1196 uunc

260 1215 290 1273 id
310 1232 397 1273 unum
416 1223 537 1287 tangere
551 1214 666 1283 sufficit,
686 1214 764 1286 quod
776 1215 854 1287 apud
867 1215 1084 1288 Hippocratem,
1097 1215 1259 1286 Platonem,

258 1292 448 1351 Aristotelem
469 1299 499 1349 et
518 1294 590 1352 alios
610 1293 695 1350 istius
715 1293 822 1349 aetatis
842 1292 999 1363 scriptores
1019 1309 1075 1350 uon
1095 1293 1189 1350 solum
1203 1293 1258 1349 sin·

260 1370 392 1441 gulosum
412 1369 563 1428 verborum
582 1370 749 1439 varietates,
769 1367 822 1425 sed
842 1369 930 1426 etiam
942 1369 1041 1440 plures
1054 1370 1184 1440 insignes
1197 1385 1259 1425 rer·

260 1462 310 1504 sus
329 1447 461 1518 legimus,
481 1462 602 1517 quorum
621 1462 676 1504 uec
693 1447 725 1501 iu
743 1452 827 1502 textu
846 1452 955 1515 nostro,
979 1462 1033 1503 uec
1053 1447 1083 1502 iu
1101 1445 1257 1504 Eustathio

259 1523 477 1594 veterrimisque
488 1523 701 1582 etdoctissimis
712 1522 835 1580 Scholiis
844 1521 935 1578 ullum
944 1522 1258 1594 indiciumsuperestb.

328 1682 352 1746 ὅ)
368 1679 413 1734 Ad
430 1677 544 1733 Hesiodi
562 1677 664 1743 Theop.
683 1691 710 1742 p.
727 1677 770 1728 ot.

329 1767 352 1833 ⁷)
369 1765 402 1818 In
419 1764 487 1818 bbro
505 1763 570 1831 περὶ
588 1758 713 1830 ἄρθρων,
731 1761 778 1826 qui
795 1759 847 1812 uisi
858 1759 1040 1826 Hippocratis,
1058 1759 1258 1826 Hippocrateae

260 1840 333 1889 certe
359 1839 408 1886 aut
434 1831 574 1899 proximae
591 1829 690 1882 aetatis
708 1838 763 1894 est,
791 1828 935 1896 attingitur
950 1827 982 1880 T.
1000 1831 1020 1879 Ι.
1038 1843 1065 1894 p.
1083 1831 1144 1881 785.
1180 1827 1257 1880 Foes

260 1902 365 1969 longior
381 1902 461 1968 ῥῆσις
477 1898 589 1952 Homeri
606 1897 640 1950 de
657 1895 760 1961 bubus,
784 1910 838 1948 uno
861 1896 950 1962 posito
974 1897 1026 1949 boe
1043 1911 1136 1948 versu:
1167 1893 1217 1954 Ὣς
1235 1895 1257 1946 δ’

260 1968 333 2022 one?
363 1968 497 2018 ἀσπάσιον
528 1965 545 2017 ἔ
608 1963 695 2016 {lude
723 1963 820 2028 βουσὶν
851 1963 942 2022 ἕλιξιν.
979 1963 1061 2017 Cuius
1084 1963 1151 2016 nihil
1174 1963 1259 2016 simile

260 2035 342 2090 hodie
364 2050 477 2102 usquam
498 2049 554 2100 apu
595 1996 669 2084 illum
687 2032 809 2099 legimus.
844 2031 941 2085 Notior
958 2047 1003 2085 res
1020 2039 1061 2085 est
1079 2032 1113 2084 de
1130 2031 1258 2095 versibus,

280 2117 329 2157 uos
351 2101 430 2155 Plato
453 2109 481 2154 et
502 2100 663 2154 Aristoteles
686 2115 721 2152 ex
738 2101 856 2154 Homero
875 2115 924 2153 suo
941 2099 1067 2166 laudant,
1090 2116 1144 2153 nou
1161 2106 1259 2152 nostro.

311 2170 345 2223 iis
362 2169 431 2223 adeo
448 2175 519 2235 sunt,
537 2168 635 2236 quibus
645 2183 725 2222 nemo
736 2184 808 2221 nunc
819 2175 912 2235 aptum
925 2168 1013 2222 locum
1026 2169 1181 2222 coniectura
1191 2183 1260 2220 asse·

262 2244 369 2307 quatur.
404 2239 442 2290 At
464 2237 518 2290 illis
535 2243 668 2304 quatuor,
691 2251 708 2288 a
725 2236 838 2289 Platone
856 2235 945 2289 Alcib.
962 2237 999 2289 11.
1017 2237 1115 2301 allatis,
1132 2236 1161 2288 iu
1179 2237 1214 2288 ll.
1232 2237 1258 2287 d.

263 2314 331 2361 extr.
350 2320 425 2359 suam
443 2306 534 2358 sedem
551 2305 695 2370 inventam,
716 2320 804 2372 neque
823 2320 858 2357 ex
874 2304 956 2358 variis
973 2305 1039 2358 locis
1056 2305 1184 2358 collectos
1194 2319 1259 2364 esse,

262 2391 312 2443 pro
330 2375 472 2441 explorato
488 2373 584 2427 babeo.
602 2373 692 2440 Quare
710 2389 757 2427 eos
774 2373 812 2426 ibi
821 2373 930 2434 inserui,
949 2380 1101 2426 nontamen
1111 2373 1169 2426 sine
1179 2372 1260 2436 uncis,

263 2442 327 2511 quia
343 2442 475 2510 probabili
487 2442 521 2495 de
533 2457 615 2496 causa
632 2442 667 2495 ab
678 2441 869 2495 Alexandrinis
881 2440 987 2494 criticis
1004 2457 1058 2494 una
1075 2456 1135 2494 cum
1152 2441 1261 2508 vulgato

262 2528 287 2564 v.
305 2515 364 2566 548.
382 2511 497 2565 reiectos
514 2511 664 2565 censebam.
698 2510 810 2564 Illorum
832 2516 923 2562 autem
941 2517 969 2562 et
986 2510 1111 2563 similium
1128 2525 1260 2573 versuum,

263 2579 309 2648 qui
327 2595 344 2632 a
361 2579 537 2647 scriptoribus
555 2580 665 2634 Graecis
676 2579 777 2646 passim
788 2579 907 2632 Homero
919 2578 1082 2646 tribuuntur,
1100 2578 1204 2630 nullum
1216 2592 1260 2643 ap·

263 2654 342 2727 paret
359 2648 501 2716 vestigium
519 2647 548 2699 in
559 2647 672 2701 Scholiis
688 2647 795 2725 uostris.
819 2647 862 2724 At·
873 2646 942 2699 haec
954 2647 1066 2726 'omnino
1084 2646 1164 2699 huius
1182 2659 1261 2714 gene·

263 2715 534 2843 stetttttttt
556 2715 713 2859 tileth
723 2714 833 2860 {little
843 2715 1262 2860 stactffirnlthtbt

263 2850 324 2903 Hoc
341 2855 478 2927 reputans,
498 2855 667 2927 quantumv1s
678 2849 753 2902 rudrs
766 2865 794 2901 m
805 2849 919 2904 historia
929 2856 1028 2917 textus,
1045 2867 1092 2902 mx
1104 2852 1261 2918 suspicetur,

264 2930 419 2969 memoriam
437 2916 555 2970 felebsse
574 2932 620 2970 eos
637 2931 744 2981 omneS,
768 2918 816 2984 qui
833 2918 901 2972 tales
917 2935 1011 2975 versus
1028 2919 1139 2971 Homeri
1157 2918 1262 2972 nomine

264 2984 414 3048 laudarent,
432 2992 479 3036 aut
496 2984 565 3038 male
583 3000 600 3037 a
617 2985 694 3038 nobis
711 2985 747 3038 ad
764 2986 851 3039 Iliada
868 2993 896 3039 et
908 2986 1054 3054 Odyssean
1072 2987 1176 3051 referri,
1195 3000 1263 3053 quae

264 3052 355 3106 forsan
373 3051 436 3104 olim
453 3053 481 3106 iu
498 3053 558 3106 aliis
576 3053 639 3107 huie
655 3059 754 3120 poetae
772 3055 880 3108 tributis
898 3057 1024 3122 operibus
1041 3056 1204 3123 legerentur.
1221 3054 1264 3107 lta

264 3119 409 3172 Barnesius
425 3121 621 3175 hemistichium
639 3121 705 3175 illud
723 3137 766 3189 ap.
785 3123 944 3176 Aeschinem
963 3124 991 3176 in
1009 3123 1142 3176 Timarch.
1160 3139 1186 3190 p.
1208 3127 1263 3176 141.

264 3185 356 3265 Reielr.
391 3183 468 3257 Φήμη
492 3190 515 3240 ὅ
540 3192 569 3248 ἐς
591 3191 713 3260 στρατὸν
736 3191 820 3259 ἦλθε,
845 3199 945 3244 temere
964 3208 999 3244 au
1018 3191 1176 3258 divinando,
1195 3191 1263 3243 The-

264 3253 339 3308 baidr
356 3253 496 3323 adscribit,
521 3258 571 3311 etsi
593 3258 621 3311 id
644 3258 743 3310 diserte
766 3258 883 3312 traditur
905 3259 932 3310 in
958 3261 1062 3311 Homeri
1087 3260 1172 3312 Iliade
1198 3274 1263 3324 esse,

265 3329 347 3390 atque
370 3321 437 3376 adeo
460 3343 535 3390 saepe
559 3329 640 3392 repeti
657 3328 686 3377 tn
705 3326 798 3378 Iliade.
833 3327 894 3394 Ego
912 3327 1056 3394 aliquando
1074 3328 1186 3382 Iliadem
1205 3343 1263 3396 par·

155 3402 159 3411 ·
263 3405 324 3442 vam
342 3389 487 3458 significari
504 3392 640 3460 putabam.
659 3393 763 3461 Nempe
782 3395 809 3447 in
827 3401 923 3448 neutro
942 3396 1065 3449 Carmine
1083 3403 1176 3450 nostro
1195 3410 1264 3449 nuuc

179 3872 257 3932 h..

263 3457 326 3536 talis
342 3473 435 3512 versus
453 3475 565 3528 usquam
588 3468 636 3515 aut
659 3464 793 3515 sententia
818 3470 866 3515 est.
901 3462 959 3517 Nec
977 3479 1041 3517 vero
1060 3465 1206 3532 quidquam
1224 3471 1264 3516 est

264 3540 292 3604 tn
309 3525 398 3580 verbis
415 3526 544 3595 Oratoris,
563 3528 635 3596 quod
653 3528 741 3581 labem
759 3531 888 3584 redoleat.
906 3531 976 3585 Nam
993 3533 1124 3586 tentanda
1136 3540 1199 3586 sunt
1211 3548 1263 3586 om·

264 3607 317 3661 ma,
334 3609 368 3647 ne
386 3601 434 3647 aut
452 3596 613 3650 Aeschinem
637 3604 693 3650 tam
711 3595 869 3651 obliviosum
886 3600 929 3653 rel
948 3601 1098 3654 litterarum
1117 3607 1263 3669 expertem,

264 3668 312 3714 aut
329 3669 431 3717 tantam
448 3664 623 3718 mutationem
641 3664 785 3718 multorum
803 3665 922 3721 locorum
934 3669 961 3721 iu
970 3669 1088 3722 Homero
1100 3668 1200 3722 factam
1210 3683 1263 3723 cre·

267 3729 368 3784 damus.
387 3728 440 3785 Sed
459 3731 530 3798 quod
547 3731 710 3786 hemistichii
725 3731 797 3786 illius
814 3749 892 3788 nemo
902 3743 1023 3790 veterum
1035 3738 1124 3829 intpp.
1137 3737 1263 3800 meminit,
