3034 4434
730 550 909 604 ..30-

328 705 442 773 cogant,
462 705 503 771 nt,
525 699 638 757 etiamsi
657 698 773 756 litterae
793 702 861 756 ante
879 698 1037 756 Homerum
1057 698 1086 754 in
1100 697 1259 758 Graeciam
1279 702 1330 758 im-

328 781 462 851 portatae
483 781 581 833 esscnt
600 790 708 844 omnes,
727 780 825 833 tamen
844 773 1012 834 facultatem
1027 779 1056 832 et
1068 791 1153 833 usum
1168 793 1271 834 earum
1284 795 1330 836 us-

329 869 384 927 que
410 853 447 910 ad
477 853 560 911 initia
587 851 788 925 Olympiadum
816 850 878 910 fere
908 851 1018 909 nullum
1047 849 1138 909 fnisse
1165 854 1331 912 credamus.

328 931 421 989 Huius
448 930 491 988 rei
512 945 600 987 causa
625 928 706 988 nobis
725 928 903 987 haerendum
927 944 983 987 non
1004 928 1060 986 erit
1078 929 1108 985 in
1128 930 1252 989 occultis
1272 931 1331 1003 pri-

328 1006 446 1066 mordiis
459 1007 623 1065 inconditae
637 1007 718 1077 artis,
744 1021 819 1077 quac
829 1007 945 1078 longam
958 1005 1184 1078 disputationem
1197 1009 1331 1079 poscunt,

329 1102 346 1142 a
366 1084 550 1152 Phoenicum,
569 1083 788 1156 Aegyptiorum,
808 1082 1016 1150 Hebraeorum,
1036 1081 1210 1141 Latinorum
1224 1084 1330 1142 litteris

328 1178 384 1220 non
405 1160 620 1231 seiungendam.
661 1159 719 1218 Sed
740 1176 776 1218 ex
795 1159 874 1217 hisce
894 1159 1010 1232 populis
1032 1175 1214 1229 numquam
1235 1163 1330 1235 primo

329 1239 393 1297 loco
414 1238 571 1306 nominavi,
596 1253 657 1295 rem
681 1237 726 1294 vel
753 1236 831 1307 apud
855 1251 886 1294 se
906 1237 1051 1294 inventam
1070 1236 1196 1309 vidisse,
1222 1239 1331 1296 velita
1354 1250 1359 1256 ·

331 1314 490 1388 excoluisse
516 1319 546 1371 et
573 1314 610 1371 ad
631 1315 701 1373 alios
721 1312 852 1384 populos,
872 1313 1040 1371 nominatim
1062 1311 1205 1385 Graecos,
1233 1320 1332 1387 pertu-

329 1392 413 1457 lisse,
438 1396 470 1447 ut
494 1396 596 1449 auctor
622 1391 683 1448 eius
711 1390 769 1447 dici
790 1394 820 1446 et
838 1389 939 1447 haberi
958 1394 1072 1461 posset,
1097 1394 1157 1447 tum
1177 1389 1332 1450 admodum

331 1474 464 1527 constans
485 1466 571 1539 fama,
592 1472 653 1524 tum
673 1467 737 1540 ipsa
756 1464 852 1538 figura
864 1466 1028 1524 litterarum
1042 1466 1220 1524 Graecarum
1234 1469 1331 1526 vincit.

330 1546 393 1616 Quo
419 1550 549 1617 tempore
574 1550 672 1602 autem
697 1543 747 1601 illa
776 1543 833 1600 tria
852 1540 930 1600 facta
949 1543 1020 1614 sint,
1045 1543 1270 1602 incertissimum
1289 1551 1333 1603 est

330 1627 450 1694 propter
470 1628 529 1680 tam
548 1621 639 1678 multa
659 1619 784 1678 ludibria
803 1617 974 1677 fabularum.
1012 1619 1189 1678 Teneremus
1210 1621 1332 1692 aliquid,

330 1699 386 1756 nisi
406 1699 514 1756 vetusti
534 1698 577 1754 illi
597 1697 753 1770 scriptores
774 1696 948 1755 Phoenicum
968 1695 1006 1754 ad
1025 1695 1159 1755 Phemios
1181 1705 1211 1755 ct
1224 1697 1333 1757 Pr0na-

329 1774 414 1847 pidas
436 1769 591 1846 ablegandi
605 1779 710 1844 essent,
731 1778 782 1830 aut
795 1774 820 1830 si
833 1773 892 1831 nllo
907 1777 1025 1830 auctore
1039 1778 1194 1845 constaret,
1216 1775 1332 1845 qnando

328 1853 401 1909 haec
422 1868 492 1922 gens
515 1857 544 1908 et
564 1850 611 1906 cui
630 1865 727 1906 rerum
741 1850 842 1920 generi
855 1850 1026 1921 scripturam
1040 1848 1179 1908 adhibere
1192 1853 1331 1923 coeperit.

330 1928 438 1985 Verum
457 1925 621 1984 huiusmodi
640 1926 749 1983 nullum
769 1941 890 1996 usquam
911 1930 1007 1984 exstat
1019 1926 1182 1998 vestigium,
1203 1943 1240 1985 ac
1252 1943 1289 1985 ne
1304 1929 1333 1984 in

332 2003 509 2061 commerciis
535 2001 650 2072 quidem
679 2007 708 2059 et
732 2007 896 2059 mercatura
921 2001 1069 2060 adhibitae
1095 2018 1114 2060 a
1139 2002 1333 2062 Phoenicibus

332 2079 403 2136 artis
428 2093 498 2135 suae
525 2079 633 2135 mentio
659 2076 698 2136 fit.
738 2078 803 2136 Hoc
827 2079 877 2150 qni
901 2095 1013 2137 mecum
1038 2079 1177 2148 miratus,
1202 2085 1250 2139 tot
1275 2081 1333 2139 alia

330 2155 437 2212 indicia
456 2153 592 2212 tardioris
612 2155 742 2212 culturae
762 2155 925 2213 litterarum
944 2155 1114 2228 perpendat,
1134 2152 1259 2215 forsitan
1272 2163 1333 2215 sta-

331 2233 382 2288 tim
402 2231 432 2287 in
451 2230 526 2288 hano
550 2230 690 2289 concedet
711 2231 893 2301 sententiam,
919 2238 960 2300 ut,
987 2231 1126 2303 quidquid
1147 2249 1166 2290 a
1186 2235 1332 2292 nonnullis

332 2308 368 2364 de
388 2305 728 2379 vetustatefrequentati
748 2325 817 2366 usus
832 2324 930 2367 earum
940 2314 1085 2378 narratur,
1104 2313 1243 2381 tanquam
1257 2313 1332 2369 oom-

330 2389 457 2442 mentum
478 2385 652 2443 Graecorum
674 2385 789 2444 Graeca
806 2382 864 2442 fide
884 2384 1058 2443 censendum
1078 2401 1143 2443 esse
1163 2380 1331 2446 arbitratur.

291 2483 315 2520 n
405 2461 542 2535 Improba
562 2478 676 2534 semper
689 2462 756 2520 huic
769 2463 849 2534 genti
863 2461 968 2534 cupido
981 2457 1045 2532 fnit,
1066 2461 1228 2520 clarissima
1243 2479 1332 2535 quae·

331 2554 386 2611 qne
401 2539 533 2597 instituta
554 2555 589 2596 ex
608 2539 716 2598 ultimis
730 2538 908 2611 temporibus
921 2537 1082 2610 repetendi,
1104 2543 1134 2596 et
1146 2543 1262 2597 tantum
1274 2556 1332 2600 non

329 2616 454 2674 omnium
467 2632 574 2686 rerum,
595 2615 698 2686 quibus
712 2617 805 2673 serior
817 2615 980 2673 humanitas
994 2613 1154 2686 constabat,
1174 2616 1330 2674 utilitatem

330 2693 486 2750 inventioni
505 2692 625 2750 heroum
646 2707 762 2748 suorum
783 2691 979 2748 consecrandi.
1004 2690 1038 2748 Id
1052 2698 1113 2749 tum
1124 2692 1249 2750 aliarum
1262 2695 1331 2752 mul-

330 2773 425 2824 tarum
451 2773 512 2824 tum
537 2768 622 2823 huius
647 2781 761 2836 qnoque
786 2768 857 2824 artis
883 2768 991 2839 primos
1010 2768 1135 2826 cultores
1156 2768 1329 2828 obscuravit.

330 2843 405 2899 Nam
434 2843 508 2900 sicut
533 2842 659 2913 Atlanti,
694 2841 810 2912 Cepheo
841 2849 871 2899 et
896 2845 994 2902 multis
1019 2845 1134 2902 illorum
1159 2846 1330 2916 aequalibus

332 2918 465 2976 notitiam
485 2918 612 2975 siderum
632 2916 805 2990 tribuerunt,
826 2920 974 2991 antiquam
994 2918 1099 2979 famam
1121 2921 1329 2995 detorquendo,

330 2994 372 3050 sic
391 3000 496 3067 po'etae
516 2995 651 3053 videntur
669 2994 809 3067 pluribus,
829 3011 900 3067 quos
921 2997 957 3056 ab
977 2997 1099 3055 scicntia
1111 2998 1330 3058 utilissimarum

329 3086 425 3128 rerum
446 3071 560 3129 laudari
580 3072 744 3143 audissent,
769 3078 821 3130 aut
845 3089 965 3143 quorum
991 3074 1095 3131 merita
1120 3074 1150 3131 in
1174 3074 1329 3134 humanum

330 3163 420 3218 genus
442 3149 580 3206 extollere
600 3149 716 3220 vellent,
737 3149 907 3221 praeclarae
925 3150 1010 3208 huius
1031 3151 1102 3207 artis
1122 3166 1175 3209 seu
1195 3152 1329 3213 inventae

330 3239 382 3280 sen
403 3224 554 3295 insigniter
570 3225 739 3282 emendatae
761 3226 966 3298 pecuniaeque
979 3226 1094 3284 landem
1107 3227 1255 3286 tribuisse.
1275 3229 1328 3300 Ita,

330 3315 416 3370 quum
437 3301 500 3357 illos
514 3316 684 3372 progressus
697 3317 753 3359 non
768 3302 989 3374 distinguerent,
1009 3301 1169 3375 Aeschylus
1183 3320 1246 3363 rem
1259 3305 1329 3365 Pro·

329 3376 443 3433 matheo
469 3393 530 3448 suo,
555 3377 606 3433 alii
626 3377 755 3449 Cecropi,
782 3379 832 3436 alii
858 3378 983 3452 Orpheo,
1009 3379 1058 3436 alii
1083 3379 1167 3452 Lino,
1193 3381 1328 3455 plerique

332 3451 453 3525 Cadmo,
479 3453 607 3510 nonnulli
633 3453 782 3511 Palamedi
813 3455 1086 3527 assignaveruntss).
1131 3456 1213 3515 Haec
1244 3458 1328 3517 dissi·

397 3631 433 3697 13)
451 3629 656 3698 Sio'Euripides
673 3631 702 3684 in
719 3632 802 3686 nobili
820 3631 929 3699 Fragm.
948 3632 1099 3687 Palamedis
1117 3648 1161 3700 ap.
1180 3634 1326 3689 stobaeum

328 3698 455 3820 Florile53
473 3699 503 3752 T.
521 3698 644 3753 LXXXI.
679 3699 750 3780 Nam
774 3700 809 3780 de
831 3713 912 3754 sensu
928 3699 1024 3780 horum
1040 3715 1180 3781 vammum,
1209 3703 1276 3757 item
1293 3702 1326 3756 de

328 3766 435 3835 Aesohy
446 3783 455 3819 r
464 3767 615 3823 locoProm.
622 3771 689 3836 459,
699 3765 908 3822 dissentiendum
914 3774 1009 3836 putam
1015 3769 1050 3823 ab
1059 3770 1326 3837 op1moneHemster·
