3034 4434
690 529 900 582 ·-60-

275 679 300 719 ⁹⁹
398 678 533 751 Quamvis
553 692 621 736 vero
641 677 712 735 artis
732 675 818 733 huius
830 692 934 735 nomeu
946 676 1082 734 videatur
1093 678 1242 749 posterius
1256 693 1318 736 esse

318 757 458 827 Homero,
479 755 543 828 ipsa
564 770 610 812 ars
632 760 662 812 et
681 751 823 826 professio
843 755 900 811 iam
920 754 1127 824 antiquissimis
1141 755 1319 828 temporibus

266 819 277 840 ‘
319 833 426 905 viguit,
453 848 487 889 ao
513 831 603 890 multo
623 835 683 889 tum
708 845 793 901 quam
812 831 935 902 posthac
953 829 1008 888 fuit
1027 831 1176 890 illustrior.
1218 831 1320 904 Quoad

323 911 400 968 enim
419 924 576 982 paucorum
597 912 669 980 erat,
689 907 828 966 memoria
847 907 999 981 complecti
1018 908 1157 966 maiorem
1170 924 1321 967 numerum

321 987 495 1058 Carminum,
514 985 639 1044 nondum
660 985 770 1058 apertis
789 982 874 1056 ludis,
894 985 997 1056 quibus
1017 985 1068 1042 illa
1086 987 1169 1058 pueri
1183 985 1321 1045 doceren-

317 1070 380 1136 tur,
401 1079 515 1134 unoque
535 1078 641 1135 genere
661 1062 848 1131 eruditorum,
869 1063 959 1120 sacris
979 1062 1102 1134 vatibus,
1123 1068 1186 1121 tota
1196 1062 1322 1122 Graecia
1360 1059 1364 1068 ’

318 1141 510 1213 circumlatis,
536 1138 624 1198 etiam
645 1156 711 1212 eoa,
728 1139 777 1210 qui
797 1139 910 1197 illorum
930 1154 1020 1212 opera
1040 1140 1069 1196 in
1087 1140 1223 1198 notitiam
1242 1141 1333 1213 vulgi

318 1215 525 1292 perferebant,
550 1218 707 1290 praecipuo
736 1216 845 1274 honore
879 1216 981 1275 haberi
1006 1223 1231 1275 consentaneum
1257 1216 1321 1288 fuit.

320 1297 492 1368 Quanquam
517 1295 610 1368 primo
637 1293 753 1366 quidem
779 1299 874 1350 vatem
895 1309 1036 1365 quemque
1055 1291 1117 1352 fere
1134 1295 1250 1353 nonnisi
1269 1311 1322 1353 sua

319 1373 498 1444 divulgasse,
520 1373 566 1430 vel
586 1388 622 1430 ex
643 1388 677 1431 eo
698 1376 830 1444 apparet,
857 1371 934 1442 quod
953 1370 1146 1444 rhapsodicae
1165 1369 1323 1444 professio-

317 1450 367 1507 nis
388 1448 533 1508 Hesiodus
554 1456 604 1508 aut
624 1449 728 1520 aliquis
748 1449 822 1506 alius
842 1449 961 1521 suppari
981 1454 1079 1506 aetate
1099 1453 1200 1508 auctor
1213 1465 1323 1507 nuncu-

324 1526 466 1600 paturflfl).
512 1527 583 1586 Mox
612 1531 709 1584 autem
738 1525 805 1584 inde
834 1525 1046 1598 aTerpandro
1071 1524 1180 1585 Lesbio
1206 1525 1322 1600 Olymp.

322 1603 457 1662 XXXIV.
478 1604 626 1676 usquead
648 1603 826 1676 Cynaethum
847 1602 957 1674 Chium,
978 1603 1164 1662 excellentem
1177 1603 1323 1676 inprimis

321 1682 351 1739 in
377 1687 440 1739 arte
460 1699 513 1740 sua
533 1681 644 1756 Olymp.
666 1680 781 1751 LXIX,
809 1680 925 1739 eosdem
945 1696 1002 1738 non
1021 1680 1117 1738 aliena
1135 1685 1250 1738 tantum
1270 1680 1323 1739 sed

271 1768 274 1773 “
322 1759 411 1817 etiarn
432 1760 550 1833 propria
570 1759 718 1829 cecinisse,
738 1758 904 1828 nullumque
923 1772 1014 1830 prope
1033 1755 1322 1831 fuisserhapsodnm,

319 1837 394 1907 quin
413 1837 489 1894 idem
510 1836 668 1908 probabilis
688 1840 776 1908 poeta
796 1840 885 1903 esset,
904 1832 1057 1892 manifesta
1075 1834 1215 1894 historiae
1236 1836 1324 1893 vesti·

317 1914 365 1984 gia
388 1918 521 1984 arguunt.
561 1912 657 1984 Atque
678 1928 713 1969 ex
732 1912 787 1970 hoc
806 1910 914 1969 factum
928 1927 992 1969 esse
1012 1917 1091 1984 puto,
1111 1916 1217 1970 uttam
1230 1913 1323 1971 multa

317 1988 375 2047 Gar
386 1990 464 2046 mina
484 1989 597 2048 illorum
610 1995 781 2062 temporum,
801 1989 976 2048 oblitteratis
989 1988 1208 2062 rhapsodorum,
1229 1991 1324 2061 aqui-v

316 2065 371 2123 bus
402 2063 533 2123 confecta
553 2072 659 2138 essent,
679 2065 849 2137 nominihus,
873 2082 960 2137 quum
980 2065 1016 2123 ab
1037 2066 1100 2124 aliis
1122 2071 1152 2124 et
1171 2067 1237 2124 aliis
1256 2066 1324 2125 sub

261 2163 302 2202 roo
317 2141 395 2200 inde
415 2143 510 2214 repeti
530 2144 669 2215 solerent,
694 2142 812 2201 tandem
836 2140 916 2201 falsis
936 2142 1101 2202 auctoribus
1121 2144 1273 2216 assIgnata
1293 2150 1323 2202 et

322 2219 360 2277 ad
381 2224 538 2278 extremum
558 2217 704 2295 ἀδέᾳποτα
724 2218 984 2278 circumferrentur.

742 2431 887 2511 XXIV.

396 2608 457 2666 Iam
472 2609 527 2667 etsi
538 2607 658 2672 Homeri
672 2623 742 2665 aevo
753 2622 918 2681 perpaucae
932 2613 1010 2666 artes
1025 2612 1055 2665 et
1072 2606 1186 2681 opificia
1201 2609 1321 2666 neentis

318 2684 483 2744 hominibus
503 2683 713 2756 tractabantur,
735 2690 863 2742 attamen
883 2701 931 2742 ars
951 2682 1057 2742 ἀοιδῶν
1075 2691 1136 2742 tum
1156 2701 1214 2745 non
1227 2686 1322 2743 minus

324 2761 478 2834 peculiaris
497 2760 552 2819 fuit
572 2777 656 2832 quam
676 2759 751 2819 fabri
776 2766 826 2819 aut
845 2759 940 2833 figuli,
971 2778 1057 2833 quam
1075 2761 1181 2820 medici
1200 2769 1252 2821 aut
1271 2762 1322 2821 ha·

322 2836 446 2909 riolill),
471 2837 608 2897 honorem
634 2843 731 2895 autem
756 2837 871 2911 publice
897 2839 1087 2910 privatimque
1112 2838 1215 2898 babuit
1233 2840 1322 2912 longe

323 2915 484 2971 maximum.
524 2915 590 2974 Sive
611 2916 686 2972 enim
706 2915 736 2971 in
756 2914 870 2988 oppidis
890 2915 950 2974 suis
969 2915 1133 2988 manebant,
1159 2916 1219 2975 sive
1239 2917 1322 2975 varia

321 2990 393 3063 loca,
420 2992 590 3064 populorum
611 2997 767 3050 conventus
791 3008 950 3065 regumque
974 2995 1075 3066 epulas
1100 2992 1235 3066 obibant,
1260 2995 1322 3052 cari

325 3067 381 3125 diis
404 3075 434 3125 et
453 3069 632 3127 venerabiles
645 3067 807 3127 hominibus
820 3068 1009 3128 habebantur.
1041 3070 1154 3129 Eadem
1166 3070 1321 3143 rhapsodis

328 3144 467 3217 dignatio,
488 3145 590 3204 eadem
610 3147 670 3204 vita
689 3144 758 3214 fuit,
784 3144 942 3205 donceres
963 3148 1069 3206 sensim
1089 3163 1153 3206 cum
1166 3147 1272 3207 studiis
1292 3154 1321 3207 et

319 3221 445 3280 moribus
459 3223 602 3282 hominum
615 3223 775 3295 Immutata,
796 3229 834 3295 et,
854 3229 976 3296 argento
990 3225 1176 3283 ceramiuum
1189 3225 1321 3298 praemio

386 3402 421 3467 66)
438 3399 540 3456 Nicocl.
560 3416 603 3469 ap.
622 3399 708 3456 Schol.
727 3400 803 3456 Pind.
822 3400 839 3456 1.
858 3419 881 3458 c.
900 3408 928 3456 et
945 3403 1044 3456 Athen.
1064 3403 1080 3457 l.
1093 3419 1116 3457 c.
1127 3402 1321 3484 Exploratiora

320 3469 480 3524 haberemus
499 3469 591 3524 dehac
600 3469 672 3523 omni
683 3485 721 3536 re,
740 3471 763 3524 si
777 3471 877 3539 scripta
887 3471 1010 3540 Dionysii
1024 3471 1127 3541 Argivi,
1144 3472 1319 3540 Timomachi,

321 3539 507 3608 Hippostrati,
526 3537 679 3606 Aristoclis,
702 3539 872 3595 Menaechmi
889 3539 1070 3610 allatumque,
1093 3542 1127 3596 ab
1145 3540 1198 3595 illis
1216 3541 1319 3597 duobus

318 3607 437 3675 laudata,
454 3613 631 3675 superessent.

399 3695 435 3760 ⁶⁷)
470 3691 538 3747 Vide
565 3691 657 3763 Odyss.
685 3714 712 3765 ρ.
730 3698 790 3751 383.
808 3709 865 3763 sqq.
883 3693 1080 3766 Hesiod.''Ep7.
1098 3700 1140 3752 25.
1174 3695 1274 3766 Hymn.
1291 3695 1318 3748 in

313 3762 402 3832 Apoll.
422 3768 478 3819 165.
489 3777 545 3830 sqq.
564 3767 616 3816 etc.
