3034 4434
714 551 893 602 ..62-

314 703 377 760 eius
399 708 428 759 et
447 700 591 773 pernicies
612 698 767 757 diceretur.
808 698 891 771 Quod
911 697 1061 756 verissime
1081 699 1223 756 monitum
1244 713 1311 769 esse,

306 780 524 836 illitteratorum
544 776 690 835 hominurn
711 781 741 834 et
755 775 904 835 doetmnae
917 780 1034 834 nostrae
1048 775 1212 846 expertium
1225 791 1312 848 popu·

311 857 407 915 lorum
428 854 632 926 contemplatio
653 852 746 911 docet.
786 854 889 924 Neque
916 854 992 911 enim
1011 850 1094 910 nobis
1115 868 1188 925 opus
1210 858 1256 910 est
1275 849 1312 909 ai-

311 930 391 990 ferre
412 931 569 1004 singularia
589 931 747 1003 specimina
767 930 915 989 validioris
935 929 1100 1001 memoriae,
1120 935 1154 987 nt
1166 929 1314 989 Hortensii

317 1009 452 1080 oratoris,
472 1024 556 1079 quem
578 1007 678 1066 Cicero
698 1013 799 1066 narrat
820 1023 870 1076 ea,
895 1023 969 1079 quac
990 1022 1087 1064 secum
1106 1012 1314 1064 commentatus

319 1091 405 1157 esset,
435 1086 497 1142 sine
522 1086 629 1158 scripto
654 1085 750 1143 omnia
773 1084 898 1142 reddere
923 1084 1054 1157 potuisse
1079 1083 1183 1141 iisdem
1210 1083 1315 1151 verbis,

312 1162 414 1236 quibus
440 1163 639 1235 cogitavisset,
666 1163 727 1220 sive
751 1167 916 1235 poetarum,
940 1168 1002 1219 tum
1025 1156 1316 1238 αὐτοσχεδισζόντων,

315 1241 365 1313 qui
385 1240 466 1298 Italis
491 1242 712 1312 improcirotorec
737 1244 891 1310 vocantur,
920 1245 981 1296 tum
1005 1239 1127 1297 aliorum
1151 1239 1315 1309 multorum,

315 1334 388 1390 quos
409 1322 538 1389 constat,
564 1317 736 1391 praesertim
757 1315 926 1374 interdictos
956 1332 1011 1373 usu
1030 1316 1207 1388 scripturae,
1233 1317 1317 1388 plura

313 1395 406 1454 millia
425 1411 559 1453 versuum
581 1399 610 1452 et
623 1392 727 1451 fecisse
747 1394 777 1450 in
797 1394 901 1465 animo,
922 1397 952 1450 et
971 1393 1127 1452 memoriae
1145 1390 1235 1449 infixa
1255 1408 1318 1451 sae·

313 1474 380 1547 pius
410 1473 573 1546 repetiisse.
622 1472 735 1544 Quippe
763 1487 820 1529 non
846 1471 958 1542 agimus
984 1470 1021 1527 de
1044 1469 1119 1528 raris
1144 1469 1318 1540 quibusdam

312 1551 460 1608 miraculis
479 1555 611 1621 naturae,
632 1565 731 1606 verum
753 1547 789 1606 de
804 1550 897 1602 ordine
909 1548 1054 1617 lominum,
1073 1566 1122 1618 per
1134 1555 1220 1600 totam
1233 1548 1341 1602 atam*

313 1631 377 1684 Iccio
397 1630 446 1682 aci
464 1630 520 1682 arti
538 1628 701 1694 uacantium,
722 1634 752 1680 at
772 1629 815 1680 cel
829 1633 979 1696 pauperent
1003 1625 1140 1690 carmina,
1168 1643 1238 1694 qaae
1256 1643 1319 1679 moa

312 1707 434 1762 canendo
454 1706 631 1775 divulgarent,
652 1705 693 1757 cel
712 1704 852 1772 diuulgato
874 1704 909 1756 ab
928 1702 993 1756 aliie
1012 1703 1147 1756 deiecerant.

394 1781 484 1852 Atqui
512 1781 586 1839 tales
610 1777 672 1836 scre
696 1778 813 1836 ordines
832 1778 978 1837 hominum
997 1778 1027 1834 in
1047 1777 1112 1834 aliis
1133 1792 1248 1848 quoque
1268 1795 1320 1851 po-

313 1860 389 1934 pidis
402 1858 572 1930 reperimus,
593 1855 671 1929 apud
684 1854 836 1913 Hebraeos
850 1858 964 1927 artolae,
985 1870 1056 1926 quas
1070 1854 1177 1927 dicunt,
1197 1854 1320 1926 Prophe-

315 1948 419 2004 tarum,
446 1940 507 1992 tum
533 1934 715 2005 cognationes
741 1931 826 1991 nobis
850 1934 975 2004 Beudos,
1006 1931 1164 2000 Scnldroc,
1181 1933 1319 1988 Druidae.

314 2013 360 2070 De
381 2011 426 2069 his
442 2009 558 2081 quidem
572 2009 726 2082 postremis
755 2008 863 2067 Caesar
887 2016 917 2067 et
940 2008 1021 2066 Mela
1040 2006 1225 2080 reienmtlil,
1252 2025 1320 2081 pro

263 2108 300 2148 roa
317 2089 411 2162 priam
432 2102 531 2145 eornm
550 2085 640 2144 fuisse
660 2086 850 2159 disciplinam,
871 2087 900 2143 in
921 2102 978 2157 qua
996 2085 1124 2144 nonnulli
1144 2084 1181 2143 ad
1201 2085 1319 2144 vicenos

318 2181 407 2224 annos
428 2164 647 2236 permanserint,
672 2173 702 2218 ut
720 2183 847 2234 maguum
867 2183 1005 2218 numerum
1024 2181 1148 2218 amaeam
1167 2164 1319 2235 ediscerau,

317 2244 415 2298 litteris
446 2260 500 2301 nce
529 2238 773 2312 mandatoromss).
814 2241 907 2312 Quam
937 2240 1041 2298 vellem
1065 2239 1210 2297 tantillum
1235 2239 1320 2298 nobis

318 2318 426 2378 Graeci
452 2317 641 2375 tradidissent
665 2316 702 2375 de
722 2315 837 2375 vatibus
859 2323 888 2374 et
906 2316 1059 2390 rhapsodis
1079 2315 1152 2374 suis!
1192 2317 1270 2374 Nam
1291 2324 1322 2375 et

314 2396 416 2456 horum
436 2395 583 2469 propriam
603 2394 747 2466 quandam
768 2393 948 2467 disciplinam
975 2399 1006 2452 ct
1024 2394 1170 2466 singulare
1191 2393 1322 2451 studium

323 2475 395 2533 artis
414 2472 513 2546 fuisse,
539 2490 592 2545 pro
613 2478 759 2546 comperto
779 2471 943 2530 habendum
964 2470 1096 2530 arbitror.
1121 2469 1200 2542 'Age
1220 2471 1321 2543 igitur,

320 2552 510 2624 rhapsodicae
531 2547 718 2614 διδασκαλίας
736 2549 861 2620 modum,
882 2548 1063 2619 antiquitatis
1077 2547 1203 2606 tenebris
1217 2546 1322 2607 obscu-

318 2636 427 2701 ratum,
453 2629 586 2686 similium
605 2643 702 2685 rerum
722 2626 936 2699 comparatione
957 2641 1099 2684 eruamus.
1137 2624 1208 2682 Fuit
1227 2626 1268 2697 is,
1296 2626 1323 2683 si

324 2705 392 2777 quid
412 2706 506 2777 video,
526 2705 613 2774 idem,
634 2706 682 2776 qui
702 2704 753 2761 diu
772 2702 920 2761 adhibitus
941 2708 986 2760 est
1005 2703 1035 2759 in
1048 2717 1144 2774 scena,
1165 2708 1195 2759 ct
1207 2703 1323 2775 tragica

325 2789 355 2840 et
377 2783 495 2853 comica,
517 2783 545 2838 in
565 2782 652 2840 variis
673 2781 826 2855 generibus
847 2779 1007 2852 chororum,
1027 2779 1150 2850 denique
1170 2779 1201 2836 iu
1214 2779 1321 2839 scholis

325 2864 354 2916 et
373 2857 458 2930 ludis,
478 2858 646 2931 priusquam
665 2857 811 2916 scribendi
829 2856 1003 2929 legendique
1022 2854 1251 2929 facultastvulgo
1264 2855 1323 2915 frc-

326 2936 459 3006 qucntari
478 2941 624 3008 coeperat.
656 2935 684 2993 Is
705 2941 803 2993 autem
821 2933 924 2993 modus
937 2933 1030 3004 qualis
1042 2932 1139 3006 fuerit,
1159 2934 1225 3006 ipsa
1238 2950 1322 2993 voca·

319 3011 389 3070 bula
408 3018 560 3070 testantur.
595 3012 640 3071 De
660 3013 754 3086 poetis
778 3011 853 3069 eninr
873 3011 1021 3083 proprium
1042 3015 1087 3068 est
1107 3016 1137 3068 et
1157 3026 1193 3068 ex
1205 3027 1238 3069 re
1254 3011 1323 3070 duc·

324 3094 394 3160 tum,
420 3085 608 3146 διδάσκειν
634 3086 816 3166 δράματα,
839 3087 945 3146 Latine
966 3091 1069 3158 docere3
1109 3087 1145 3144 de
1166 3087 1322 3161 actoribuS,

385 3282 421 3351 ⁷3)
439 3276 488 3335 Ille
506 3281 538 3334 B.
557 3282 588 3336 G.
605 3281 653 3350 VI,
673 3287 711 3337 14.
729 3283 774 3337 hic
791 3284 842 3347 111,
859 3287 884 3337 2.

376 3369 428 3446 ¹74)
446 3364 537 3421 Simile
560 3367 687 3436 quiddam
711 3375 739 3422 et
762 3369 829 3423 alias
846 3385 928 3438 saepe
946 3375 974 3423 et
991 3370 1143 3438 nuperrime
1163 3370 1196 3424 de
1214 3373 1324 3427 natione

259 3480 262 3484 .
321 3436 430 3490 Ossrani
447 3441 585 3489 narratum
604 3442 645 3490 est
663 3437 719 3490 aG.
732 3437 889 3493 Thorntono
907 3439 935 3490 in
947 3437 1097 3492 Transactt.
1110 3438 1193 3494 ofthe
1206 3441 1324 3494 Ameria.

322 3505 420 3572 philon.
439 3503 546 3572 Society
564 3510 592 3557 at
609 3503 797 3573 Philadelphia
813 3505 873 3560 Vol.
890 3505 940 3559 III.
958 3523 985 3574 p.
1003 3511 1061 3560 314.
1072 3523 1129 3576 sqq.
1164 3507 1196 3560 In
1214 3508 1262 3562 illa
1278 3523 1323 3563 na·

324 3573 397 3628 tione
416 3574 498 3627 etiam
515 3588 586 3626 nunc
604 3588 681 3626 senes
700 3589 767 3641 esse,
785 3574 832 3643 qui
850 3579 951 3628 tantam
964 3575 1068 3642 copiam
1080 3577 1252 3644 antiquorum
1261 3577 1324 3631 Oar-

321 3643 425 3696 minum
442 3642 570 3695 memoria
588 3640 761 3710 custodirent,
773 3649 804 3694 nt
820 3642 1015 3697 velocissimum
1033 3644 1147 3698 scribam
1165 3645 1324 3713 perplures

323 3727 430 3765 menses
449 3711 574 3765 dictando
592 3709 732 3778 fatigaturi
750 3717 847 3764 essent.
869 3710 913 3780 [dc
932 3711 1048 3766 Scaldris
1065 3730 1089 3765 v.
1108 3713 1170 3766 Ger.
1189 3712 1324 3782 Schdning

325 3779 441 3846 praefat.
460 3777 494 3833 ad
511 3780 613 3834 Snorrii
631 3778 736 3833 Sturlae
754 3779 786 3833 F.
803 3778 1011 3848 Heimskringla,
1029 3796 1056 3848 p.
1074 3779 1132 3836 XV.
1142 3782 1211 3850 sqq]
