3034 4434
696 556 732 566 -
762 530 815 584 loc
837 555 873 565 -
974 526 982 530 “

1165 613 1167 616 ’
1190 600 1208 632 8

284 683 394 742 servari
413 681 551 753 audisset,
572 679 686 739 codices
705 685 933 753 comparaverat,
953 695 1096 752 persaepe
1117 680 1148 737 in
1160 681 1283 740 maxima

284 757 452 818 difficultate
472 756 627 829 iudicandi,
648 757 717 828 quid
737 774 836 816 verum
851 763 929 814 esset
943 762 973 815 et
987 758 1152 829 genuinum,
1173 759 1281 816 nullum

283 836 398 896 ridetur
410 834 545 894 habuisse
556 834 733 906 praesidium
746 835 907 907 promptius
920 834 1079 905 meliusque
1090 834 1210 906 ingenio
1221 851 1280 894 suo.

360 911 479 971 Ponitus
499 910 546 970 hic
563 910 644 970 nobis
662 911 792 970 tollenda
814 917 859 970 est
872 910 978 984 opinio,
998 910 1194 982 quadriceps
1207 911 1284 970 illius

283 990 389 1049 aetatis
409 988 447 1047 ad
466 988 540 1046 hanc
558 1005 649 1048 novae
670 988 741 1047 artis
762 986 914 1046 formidem
938 985 1079 1060 fingimus.
1119 989 1166 1047 Ne
1186 988 1281 1061 ipsum

283 1065 399 1139 quidem
417 1065 616 1124 Aristarchum
636 1081 672 1124 ex
684 1066 739 1124 hac
751 1062 875 1124 formula
888 1064 1073 1122 iudicandum
1087 1080 1162 1137 esse,
1182 1066 1281 1139 paullo

282 1160 349 1203 mox
368 1141 579 1202 demonstrabo.
617 1143 759 1201 Nimirum
779 1143 902 1214 primurn
922 1131 1286 1215 artisingressumvagum

283 1221 312 1278 in
331 1219 430 1293 primis
446 1225 475 1277 et
488 1220 673 1278 temerarium
686 1217 775 1277 fuisse
788 1220 960 1291 reperimus,
981 1219 1041 1278 sive
1055 1219 1207 1277 materiem
1222 1219 1284 1278 cius

282 1297 313 1354 in
332 1297 457 1368 antiquis
477 1292 644 1373 deoperitur
662 1295 872 1369 rhapsodorum
893 1303 923 1354 et
943 1295 1084 1365 codicum,
1104 1312 1158 1354 seu
1179 1296 1286 1355 Graeci

222 1430 237 1439 ,
282 1374 391 1447 ingenii
411 1372 544 1445 indolem,
565 1389 617 1431 seu
636 1373 737 1432 horum
756 1379 918 1445 temporum
939 1372 1141 1444 conditionem,
1162 1388 1216 1431 seu
1230 1373 1279 1431 de

282 1451 369 1523 nique
393 1450 472 1524 ipsas
495 1451 633 1522 reliquias
659 1451 730 1508 artis
751 1455 924 1524 spectemus.
965 1449 1006 1509 Ut
1024 1456 1282 1523 repraesentarent

281 1528 439 1588 Homerum
457 1524 514 1586 fide
533 1529 649 1600 integra
669 1533 698 1586 et
718 1544 770 1587 suo
783 1526 895 1595 habitu,
915 1526 1089 1585 laborabant
1097 1523 1197 1586 forsan
1209 1544 1279 1587 nou·

281 1605 363 1678 nulli,
383 1610 521 1676 quantum
540 1609 688 1678 poterant3
709 1610 740 1663 at
759 1603 905 1663 debebant
921 1605 1010 1664 etiam
1030 1604 1123 1676 magis
1136 1604 1282 1677 laborare,

282 1687 315 1740 ut
334 1697 474 1753 nusquam
494 1699 550 1740 uon
564 1682 664 1740 similis
685 1682 729 1739 sui
750 1697 839 1753 seque
861 1680 966 1752 dignus
987 1686 1158 1753 appareret,
1185 1681 1283 1740 detra·

281 1758 383 1817 hendis
403 1774 491 1831 saepe
511 1759 608 1816 multis
622 1759 762 1830 versibus,
783 1757 853 1816 abbi
869 1757 1004 1816 addendo
1017 1758 1122 1830 nitore,
1142 1757 1193 1816 ubi
1206 1759 1284 1817 nitor

281 1836 376 1894 nullus
397 1841 483 1893 esset.
523 1834 768 1906 Quemadmodum
789 1836 880 1907 igitur
901 1835 987 1894 hodie
1009 1835 1127 1906 elegans
1146 1834 1233 1894 homo
1254 1840 1284 1894 et

232 1923 269 1963 1⁷4
281 1912 458 1985 ingeniosus,
478 1911 530 1969 sed
550 1911 694 1970 abnormis
715 1911 857 1984 Oriticus,
884 1911 914 1968 in
934 1912 1029 1984 prisco
1049 1912 1164 1984 poetico
1184 1928 1284 1972 monu-

282 1994 379 2046 mento
398 1994 515 2047 nostrae
533 1988 649 2060 huguae
670 1995 844 2060 versaretur,
867 1989 944 2061 quod
963 1989 1092 2046 lacerum
1112 1985 1189 2047 forte
1198 2004 1283 2062 repe-

282 2066 378 2134 risset,
399 2070 429 2122 et
448 2081 467 2122 a
485 2065 583 2123 multis
603 2065 758 2124 lectoribus
778 2066 809 2122 in
821 2066 952 2138 margine
965 2065 1117 2138 variatum,
1136 2065 1181 2124 ita
1192 2063 1284 2125 ferme

283 2141 390 2215 primos
410 2141 475 2199 illos
495 2140 695 2201 emendatores
716 2143 746 2199 in
766 2142 944 2215 corrigendis
966 2147 996 2201 et
1015 2142 1221 2201 concinnandis
1234 2160 1286 2202 va·

283 2216 360 2275 tibus
380 2218 439 2276 suis
460 2234 578 2292 operam
596 2234 718 2278 navasse
739 2219 890 2278 contendo.
927 2219 1011 2279 Adeo
1029 2220 1117 2290 longe
1131 2217 1287 2280 abfuerunt

207 2350 208 2353 ,
282 2294 325 2351 illi
345 2294 381 2353 ab
401 2295 457 2353 hac
476 2297 646 2370 severitate,
673 2312 747 2368 quae
768 2302 868 2365 cavet,
894 2312 931 2354 ne
951 2296 1021 2368 quid
1041 2295 1120 2354 aliud
1140 2312 1228 2368 quam
1248 2298 1286 2356 ab

282 2372 346 2444 ipso
371 2378 489 2432 auctore
521 2375 617 2446 operis
643 2375 782 2446 scriptum
814 2373 981 2432 inducatur:
1007 2373 1125 2435 tametsi
1148 2389 1186 2432 ne
1209 2390 1286 2433 nune

284 2448 399 2520 quidem
423 2451 502 2508 illum
528 2453 676 2524 scopulum
702 2451 772 2510 satis
799 2448 929 2523 fugiunt,
955 2451 1005 2522 qui
1030 2451 1147 2522 iugenio
1176 2451 1284 2510 valent.

278 2526 415 2598 ,Denique
434 2528 525 2586 omnis
549 2529 621 2587 haec
646 2545 693 2586 ars
722 2526 854 2601 proiecta
874 2533 920 2586 est
939 2528 1035 2600 potius
1056 2526 1092 2586 ab
1113 2527 1285 2602 aesthetico,

283 2604 360 2677 quod
372 2610 517 2667 nostrates
530 2611 642 2678 vocant,
663 2621 749 2677 quam
763 2605 863 2663 critico
877 2604 994 2678 iudicio,
1008 2603 1063 2676 vel,
1077 2608 1110 2662 ut
1123 2605 1166 2663 ita
1179 2605 1288 2678 dicam,

284 2696 302 2738 a
327 2682 442 2753 poetica
465 2682 562 2754 potius
588 2698 672 2754 quam
696 2681 887 2754 diplomatica
910 2680 977 2742 fide.
1022 2681 1147 2739 Praeter
1171 2682 1285 2754 reliqna

283 2756 367 2815 huius
387 2757 431 2815 rei
451 2765 628 2832 argumenta,
649 2775 724 2831 quae
745 2774 781 2816 ex
800 2760 934 2818 universo
960 2758 1058 2817 libello
1078 2764 1178 2818 nostro
1197 2756 1286 2818 facile

284 2832 322 2891 ad
342 2832 500 2905 perlectam
518 2835 712 2895 inductionem
732 2835 829 2908 colligi
850 2842 1004 2909 poterunt,
1031 2837 1096 2908 ipsa
1116 2835 1185 2893 illuc
1205 2836 1287 2894 ducit

283 2910 368 2981 ratio,
390 2926 475 2981 quam
495 2912 541 2969 vel
561 2912 685 2985 optimos
704 2911 964 2971 Alexandrinorum
987 2913 1017 2970 in
1039 2911 1220 2973 emendando
1243 2929 1287 2971 se-

285 2992 365 3052 cutos
387 3002 451 3045 esse
471 2987 640 3046 videbimus.
995 3026 997 3029 -

694 3201 878 3282 XXXIX.

361 3369 457 3441 Atque
482 3370 550 3444 hoc,
576 3371 716 3445 quidquid
736 3379 794 3446 est,
819 3375 906 3446 longe
926 3373 1109 3433 manifestius
1130 3374 1286 3434 ostendere

284 3443 395 3519 liceret,
415 3447 470 3505 nisi
490 3449 654 3521 antiquiora
672 3451 723 3510 illa
741 3450 930 3510 meditamina
951 3451 1065 3511 critices
1085 3467 1178 3526 prope
1192 3452 1288 3512 omnia

286 3548 489 3562 --.——..

285 3613 395 3669 aFabr.
413 3614 481 3668 Bibl.
500 3615 545 3669 Gr.
564 3630 590 3683 p.
608 3619 667 3670 361.
702 3617 764 3672 Non
789 3619 911 3687 γράφειν
937 3621 1049 3676 dixisset
1065 3619 1232 3688 Athenaeus,
1252 3635 1285 3672 ex

285 3697 359 3762 more
376 3683 615 3805 Grammaticorum
627 3683 800 3754 Graecorum,
818 3686 866 3742 sod
880 3689 1018 3760 draptiaco,
1037 3688 1225 3744 siemendatio
1242 3702 1285 3742 ec·

286 3764 396 3805 cesusse
411 3794 416 3805 .
