3034 4434
730 535 907 589 ..10-

314 686 430 758 stantia,
458 687 520 745 sino
540 685 643 758 quibus
664 682 819 740 multarum
839 684 995 744 lectionum
1016 689 1046 742 et
1064 701 1200 744 versuum
1221 691 1321 746 aucto

313 763 385 821 ritas
410 762 493 822 nobis
527 776 645 836 prorsus
674 759 853 832 incomperta
884 768 972 820 esset.
1018 762 1121 833 Neque
1150 762 1206 820 boc
1236 763 1320 823 nobis

314 839 383 897 solis
403 838 559 899 dolendum
579 843 659 907 erat,
685 836 735 908 qni
755 837 850 895 iubis
871 838 975 898 studiis
995 844 1055 897 tam
1074 855 1140 897 sero
1162 854 1320 899 versamur.

312 915 388 973 Nam
402 917 489 976 etiam
503 916 700 986 Eustathium,
715 929 801 985 quem
816 913 922 973 deinde
935 916 1039 974 iterum
1053 915 1230 987 tertiumque
1245 933 1320 976 com·

187 992 192 998 '
242 1023 245 1029 ,
313 992 422 1064 paravi,
448 1010 534 1066 quum
559 991 752 1064 antiquissimi
777 990 885 1050 codicis
911 992 984 1051 Van.
1013 991 1188 1051 coccini.
1215 994 1320 1053 notitia

314 1069 467 1142 caruisset,
492 1071 550 1128 ista
575 1070 605 1127 in
631 1085 663 1126 re
689 1068 812 1139 cognovi
835 1068 915 1127 haud
938 1070 1029 1128 multo
1055 1070 1174 1127 meliore
1202 1067 1320 1130 fortuna

275 1170 300 1208 1⁸
313 1162 409 1217 usum,
431 1163 516 1219 quam
541 1146 670 1218 quemvis
689 1145 883 1204 recentiorum
905 1146 1048 1205 editorum
1068 1162 1132 1204 cum
1152 1148 1319 1218 proletariis

313 1222 459 1282 codicibus
486 1224 554 1282 suis.
594 1222 633 1280 At
653 1222 716 1293 ille,
743 1222 792 1293 qui
812 1223 842 1279 in
862 1221 990 1282 Homero
1011 1223 1082 1281 nibil
1102 1229 1222 1295 praeter
1257 1225 1319 1297 pul-

313 1299 411 1358 chrum
431 1305 548 1374 poetam
567 1299 735 1370 mirabatur,
756 1299 916 1370 priscorum
937 1301 999 1358 aius
1019 1298 1145 1358 fatorum
1157 1301 1253 1359 minus
1268 1318 1317 1359 cu·

312 1377 415 1449 riosus,
437 1384 467 1436 et
486 1378 645 1436 rhetoricos
666 1376 762 1449 potins
784 1391 869 1446 quam
888 1377 1003 1436 criticos
1024 1378 1199 1449 interpretes
1221 1384 1316 1436 secta·

313 1459 368 1525 tua,
389 1455 502 1514 omniuo
523 1455 560 1513 ab
580 1455 636 1513 hac
655 1458 740 1526 parte
759 1469 818 1511 non
837 1458 956 1524 tantam,
978 1459 1087 1526 quanta
1099 1454 1186 1526 vulgo
1201 1452 1318 1525 fruitur,

312 1530 428 1589 laudem
452 1532 569 1604 meruit,
595 1531 747 1605 plurimam
774 1529 862 1589 debet
886 1531 1016 1589 iacturae
1042 1531 1202 1590 doctiorum
1231 1532 1319 1592 Scho-

315 1608 427 1666 liorum.

370 1685 521 1745 Postremo
546 1684 634 1744 retuli
658 1700 705 1741 me
726 1683 764 1741 ad
783 1685 1028 1756 cognoscendum,
1059 1684 1200 1756 quidquid
1225 1685 1320 1744 bonae

312 1760 405 1835 frugis
425 1764 545 1822 allatum
566 1767 644 1820 esset
664 1777 700 1818 ex
718 1761 941 1832 manuscriptis
962 1761 1184 1832 exemplaribus,
1208 1778 1320 1820 curam·

314 1855 370 1911 que
390 1838 628 1898 conferendarum
648 1837 806 1908 primarum
826 1836 997 1906 editionum,
1022 1837 1184 1893 institutam
1205 1839 1243 1896 ab
1264 1839 1320 1897 Er·

312 1915 415 1986 nestio,
436 1912 585 1984 usquead
607 1911 831 1984 Stephanionem
851 1917 1021 1984 persecutus
1041 1928 1119 1981 sum,
1148 1912 1235 1983 longe
1257 1916 1320 1985 qui-

313 1990 379 2048 dem
399 1991 508 2048 minore
528 1986 624 2046 fructu
650 2004 735 2059 qnam
762 1987 871 2046 labore.
910 1987 1027 2045 Paucae
1054 1987 1129 2046 enim
1154 1989 1198 2046 bis
1229 1990 1320 2049 editis

311 2066 394 2123 libris
414 2066 549 2138 propriae
570 2071 638 2122 sunt
655 2065 809 2134 lectiones3
831 2070 861 2121 et
881 2079 955 2135 qnae
975 2065 1005 2121 in
1026 2081 1060 2123 eo
1080 2081 1199 2124 numero
1221 2066 1318 2126 bonae

313 2146 380 2200 sunt
400 2147 430 2200 ct
449 2146 531 2200 textu
551 2140 669 2213 dignae,
697 2157 797 2198 earum
817 2140 912 2211 quoad
932 2139 1025 2200 fontes
1051 2142 1234 2214 ignoramus,
1261 2161 1320 2203 non

312 2219 355 2278 ita
384 2219 480 2290 gravis
506 2219 664 2293 auctoritas
695 2233 759 2277 esse
791 2222 901 2289 potest3
931 2234 1018 2289 quum
1044 2218 1158 2277 codices
1189 2220 1319 2292 quidam,

313 2296 470 2368 praecipue
490 2295 618 2354 Venetus
638 2295 702 2367 ille,
722 2300 843 2368 propter
862 2295 1029 2354 testimonia
1050 2296 1229 2355 Scholiorum
1255 2297 1319 2369 ple·

312 2388 433 2444 rumque
453 2373 541 2432 etiam
560 2371 600 2431 ibi
620 2378 786 2430 mereantur
804 2370 906 2444 fidem,
926 2371 977 2430 ubi
996 2380 1158 2432 ceterorum
1178 2372 1319 2432 librorum

313 2465 469 2508 consensus
489 2466 546 2509 non
571 2449 694 2509 accedit.
735 2451 800 2522 Qua
823 2450 853 2506 in
878 2465 911 2508 re
935 2466 1024 2522 saepe
1051 2451 1120 2508 mihi
1146 2466 1201 2507 usu
1230 2451 1319 2522 venit,

314 2533 348 2585 ut
370 2527 462 2600 ¹longo
492 2527 614 2586 circuitu
644 2528 826 2600 pervenirem
856 2526 894 2584 ad
925 2542 974 2585 eas
1005 2527 1213 2598 correctioneS,
1245 2543 1319 2598 quas

316 2605 412 2663 eximii
432 2604 499 2663 libri
519 2605 629 2677 primus
650 2604 805 2677 adspectus
825 2601 934 2661 frustra
954 2603 1108 2661 obtulerat.
1148 2604 1223 2661 Nam
1243 2619 1319 2675 quae

283 2680 286 2685 ’
314 2697 421 2753 magna
445 2687 491 2739 est
514 2681 600 2738 buius
627 2681 684 2738 mei
710 2697 745 2738 ac
764 2679 869 2738 Veneti
894 2683 990 2736 textus
1015 2680 1229 2752 convenientia,
1255 2697 1319 2739 eam

316 2762 420 2828 sponte
440 2762 538 2815 natam
557 2757 657 2827 habui,
676 2773 734 2815 non
754 2754 892 2826 quaesivi.
934 2755 1173 2826 Quoniamcnim
1192 2773 1238 2815 me
1253 2773 1320 2816 con-

313 2837 426 2889 stanter
445 2832 483 2890 ad
502 2830 588 2889 fidem
608 2837 735 2890 testatae
755 2831 936 2902 antiquitatis
957 2834 1149 2904 contuleram,
1175 2833 1247 2892 nihil
1267 2835 1319 2891 tri-

314 2908 404 2965 buens
432 2909 544 2980 vulgari
563 2909 685 2979 levitati,
706 2923 781 2980 quae
802 2907 870 2965 dnm
895 2908 1057 2982 scripturae
1082 2911 1234 2969 veritatem
1262 2911 1319 2969 ele·

315 2985 414 3055 gantia
434 2985 480 3042 vel
499 2984 586 3043 simili
606 2985 703 3057 specie
722 2984 851 3056 metitur,
871 3001 945 3043 nova
965 2992 996 3045 et
1015 2988 1135 3058 antiqua
1154 2985 1217 3044 iere
1237 2988 1318 3046 nullo

315 3060 479 3119 discrimine
499 3062 615 3134 arripit,
636 3062 722 3120 etiam
742 3061 888 3135 principes
909 3061 1050 3122 editiones
1070 3080 1209 3136 perraro,
1231 3069 1261 3121 et
1280 3081 1318 3123 ne

276 3158 301 3196 19
314 3137 458 3195 Veretum
478 3138 595 3209 quidem
615 3139 743 3202 codicem
762 3153 856 3210 neque
869 3138 1055 3199 Eustathium
1068 3140 1124 3198 nisi
1138 3140 1174 3198 de
1187 3138 1317 3202 fontibus

315 3213 374 3272 suis
406 3221 570 3288 monenteS,
596 3215 755 3275 audiendos
782 3231 847 3274 esse
871 3215 948 3273 duxi.
997 3218 1100 3287 Itaque
1126 3217 1152 3274 si
1176 3217 1207 3274 in
1232 3218 1318 3275 buius

235 3334 239 3343 .
314 3289 509 3350 verbosissimi
528 3292 651 3351 bominis
672 3293 864 3352 voluminibus
883 3292 956 3351 nihil
976 3293 1056 3351 aliud
1070 3310 1155 3366 quam
1170 3294 1317 3352 variantes

313 3368 452 3426 lectiones
473 3368 663 3441 quaesissem,
685 3386 772 3441 quum
792 3385 828 3427 ex
847 3369 892 3440 iis,
913 3385 988 3441 qnae
1007 3371 1064 3443 ipsi
1083 3371 1219 3444 propriae
1241 3376 1316 3443 sunt,

314 3444 502 3516 paucissimas
523 3447 692 3519 receperim,
711 3445 829 3504 minima
845 3461 913 3518 pars
928 3447 1137 3506 emendationis
1150 3464 1233 3507 meae
1247 3448 1318 3506 mihi

314 3520 437 3580 maximo
458 3522 556 3581 taedio
578 3528 608 3581 et
628 3522 779 3596 dispendio
800 3522 938 3595 temporis
958 3523 1128 3582 redimenda
1147 3530 1220 3583 erat.
