3034 4434
670 551 848 604 ..20-

259 699 394 772 habente,
414 698 490 757 unde
509 698 645 772 pendeat.
674 695 867 754 Durissimum
887 698 938 768 sit,
964 713 1029 755 eum
1048 698 1202 760 retrahere
1223 704 1264 761 ad

260 773 457 854 ἀρεσσόμεθα,
477 777 522 833 vel
544 791 580 833 ex
599 790 679 846 seqq.
699 769 735 830 αἴ
741 770 779 830 κέ
789 771 857 829 ποθι
870 769 945 838 Ζεὺς
958 769 1030 853 cipp,
1050 782 1183 849 spectato
1198 780 1262 840 solo

259 869 355 925 sensu,
376 852 493 924 aliquod
512 852 631 911 verbum
650 851 761 925 primae
781 866 924 924 personae
945 852 1116 924 exprimere.
1146 854 1262 916 Harum

259 929 510 1004 grammaticarum
529 944 666 988 venerum
685 928 818 1000 exempla
831 926 926 985 adhuc
939 943 1047 1000 quaero
1061 929 1140 1002 apud
1152 931 1262 992 Home-

257 1023 321 1066 rum
340 1010 459 1080 praeter
478 1023 522 1079 ea,
543 1022 617 1078 qnae
636 1007 702 1078 ipsa
720 1009 857 1077 suspecta
875 1011 956 1074 sunt3
975 1010 1008 1062 111
1028 1004 1132 1079 Odyss.
1153 1005 1180 1066 δ.
1193 1016 1260 1083 263,

257 1083 307 1142 nbi
320 1085 430 1156 aliquot
442 1083 573 1142 codicum
587 1084 723 1156 optimam
737 1081 910 1154 scripturam
924 1079 1151 1172 νοσφισσαμένην
1170 1086 1260 1146 ctiam

257 1175 293 1220 ex
312 1160 459 1220 veteribus
471 1160 555 1220 affert
566 1159 748 1230 Eustathiue,
768 1163 917 1229 mutatam,
937 1174 1047 1230 opmor,
1068 1159 1105 1218 ab
1119 1160 1164 1233 1is‚
1186 1178 1259 1234 quos

217 1253 244 1293 14
256 1238 393 1298 cumulati
412 1237 500 1296 iidem
514 1253 597 1296 casus
612 1235 719 1295 diversi
732 1235 846 1307 generis
860 1233 1048 1307 offenderent,
1069 1241 1209 1308 tanquam
1222 1239 1257 1298 Il.

251 1332 283 1392 χ.
307 1321 371 1374 119.
410 1314 465 1372 Vix
492 1316 568 1374 enim
592 1319 721 1372 veterum
746 1311 850 1383 aliquis
870 1312 1016 1382 vulgatam
1037 1313 1149 1385 vulgari
1169 1316 1256 1377 modo

254 1391 386 1465 accipere
406 1392 509 1464 potnit.
534 1388 569 1449 K.
591 1391 636 1449 51.
656 1390 759 1460 legunt
778 1388 864 1459 vulgo
884 1386 979 1445 κείνου
1000 1386 1055 1465 γάρ
1077 1408 1111 1445 κε
1126 1388 1255 1466 μάλιστα

252 1465 402 1539 πυθοίατο,
420 1469 450 1527 in
471 1485 528 1540 quo
547 1464 692 1525 πυθέσθαι
711 1468 816 1538 putant
835 1479 900 1523 esse
919 1468 1032 1522 obedire.
1063 1467 1147 1538 Quod
1167 1484 1255 1539 quum

252 1559 289 1603 ne
311 1543 518 1619 Gloesographi
538 1545 654 1617 quidem
673 1542 755 1602 nobis
769 1541 935 1612 obtrudant,
956 1557 1012 1600 nno
1026 1549 1106 1600 certe
1121 1547 1254 1620 exemplo

251 1621 431 1693 probandum
445 1628 517 1682 erat.
537 1621 718 1691 Eustathins,
739 1617 808 1692 quid
822 1619 851 1675 in
863 1617 946 1676 libris
957 1619 1017 1676 suis
1030 1619 1144 1692 legerit,
1165 1637 1253 1693 quae-

250 1704 361 1757 rentem
380 1697 535 1759 iruetratur
554 1699 676 1758 molesto
694 1697 745 1756 illo
758 1692 807 1751 καὶ
826 1690 903 1774 ἑξῆς.
927 1693 1092 1767 Enimvero,
1112 1697 1138 1754 si
1156 1698 1201 1756 ita
1213 1700 1254 1757 lc·

250 1775 350 1849 gisset,
364 1782 425 1835 tam
436 1775 596 1834 inauditam
610 1770 847 1845 significationem
857 1789 914 1830 non
927 1772 1095 1844 emissurus,
1116 1780 1168 1832 aut
1182 1777 1250 1836 alibi

250 1851 372 1911 adeam
396 1851 544 1910 rediturus
578 1848 697 1920 fuissct3
726 1849 757 1906 id
778 1848 855 1920 quod
874 1849 953 1907 nullo
973 1847 1044 1907 fecit
1062 1850 1134 1909 loco.
1174 1853 1250 1912 Nam

249 1928 305 1985 etsi
329 1946 358 2000 p.
381 1935 464 1987 1013.
490 1928 510 1983 1.
531 1933 576 1985 55.
603 1925 642 1983 ad
661 1945 687 1981 o.
708 1931 765 1983 224
784 1921 930 1981 πυθέσθαι
949 1942 1014 1984 cnm
1034 1927 1161 1998 genitivo
1182 1947 1249 1989 cou-

248 2008 388 2061 structum
407 2005 450 2061 ita
468 2007 561 2074 notat,
580 2007 615 2060 ut
634 2006 665 2060 et
684 2001 754 2061 alibi
774 2001 811 2060 dc
832 2018 867 2060 eo
882 2017 990 2074 genere
1002 2003 1146 2062 monuisse
1160 2007 1248 2079 signi-

246 2075 323 2152 ficet,
348 2079 379 2137 id
399 2095 457 2138 non
476 2079 603 2152 pertinet
624 2077 661 2136 ud
681 2079 738 2137 vim
759 2081 904 2149 obediendi,
931 2078 983 2137 sed
1002 2085 1176 2151 cognoscendi
1195 2100 1248 2141 seu

246 2158 386 2228 11111111,
413 2155 450 2213 dc
469 2171 526 2227 qua
551 2171 622 2214 sane
648 2154 762 2214 dixerat
781 2173 809 2228 p.
831 2156 1003 2214 651141.
1044 2157 1137 2228 Igitur
1157 2160 1246 2219 etiam

244 2230 417 2291 Eustathius
448 2232 635 2291 correctionis
665 2237 783 2292 nostrae
812 2233 977 2291 auctoribus
1008 2232 1159 2293 addendus
1190 2244 1242 2296 cst

246 2305 359 2367 (ilarius
378 2309 456 2368 idem
476 2308 625 2368 confirmat
642 2315 772 2368 nostram
790 2309 945 2368 lectionem
966 2308 989 2365 1.
1005 2315 1060 2381 11.,
1081 2309 1130 2368 ubi
1141 2311 1172 2368 in
1186 2316 1245 2371 vul·

245 2389 315 2456 gata
333 2386 452 2445 verbum
472 2379 551 2445 ἀΰειν
576 2403 640 2444 oum
665 2385 763 2446 danao
782 2386 965 2458 iungebetur.
991 2385 1025 2443 ld
1044 2386 1075 2443 in
1095 2388 1244 2463 similibus,

244 2465 387 2539 γεγωνεῖν,
408 2460 577 2534 κέκλεσθαι,
596 2459 723 2521 κελεύειν
743 2463 868 2536 solitum,
889 2479 926 2522 an
945 2463 975 2519 in
995 2462 1044 2521 illo
1058 2478 1172 2534 quoque
1186 2468 1243 2525 usi-

242 2543 335 2598 tatum
355 2542 402 2614 sit,
421 2542 608 2602 vehementer
628 2541 742 2612 dubit03
763 2540 890 2600 Homero
910 2544 1007 2598 autem
1027 2540 1165 2598 usitatum
1185 2559 1242 2602 non

243 2631 308 2676 esse
327 2618 420 2677 video.
440 2619 543 2692 Neque
562 2619 618 2677 hac
636 2634 694 2676 una
713 2617 867 2676 insolentia
885 2615 1019 2674 laborare
1040 2632 1163 2690 versum,
1189 2636 1240 2677 nn·

240 2694 328 2751 meris
349 2700 484 2753 assuetae
505 2711 590 2754 aures
610 2693 723 2752 docent.
763 2693 809 2750 Ex
829 2693 885 2750 alio
906 2706 1012 2764 genere
1031 2690 1123 2750 falsae
1143 2697 1240 2754 analo

241 2769 307 2839 giae
326 2767 420 2829 forma
440 2777 503 2829 erat
524 2789 547 2828 ν.
568 2776 643 2840 485,
662 2768 730 2826 hinc
750 2769 780 2826 in
799 2767 909 2826 indices
928 2767 1117 2827 dialectorum
1136 2771 1239 2844 relata,

239 2843 714 2999 1111111111111
732 2845 1238 2999 attrectaretur

237 2995 320 3053 tandi
343 3002 426 3056 erant
450 3000 560 3059 maiore
584 3015 717 3072 numero,
743 3004 776 3057 ut
799 3000 994 3074 ineptissimas
1020 3000 1180 3073 scripturas
1208 3009 1237 3062 et

237 3073 359 3131 maxime
379 3075 521 3147 proclives
541 3077 640 3150 lapsus
660 3077 860 3137 nonnullorum
879 3077 1062 3136 librariorum
1076 3079 1236 3151 corrigere-

199 3161 309 3221 11111111,
328 3156 361 3207 ut
373 3169 400 3206 π.
415 3157 480 3210 380.
495 3149 549 3210 ἀνά
562 3154 591 3210 in
605 3147 674 3230 ἄρα,
692 3170 718 3213 u.
733 3160 799 3213 405.
813 3147 894 3224 ἔσαν,
912 3154 942 3211 in
956 3149 1028 3225 ἴσαν,
1047 3173 1072 3208 o.
1087 3160 1152 3212 409.
1167 3159 1236 3213 πᾶσι

236 3222 265 3280 in
284 3224 368 3282 παισί
381 3232 566 3287 mutaremus.
605 3228 690 3288 Adde
708 3230 753 3288 his
774 3229 939 3290 facillimam
959 3234 989 3287 11
1007 3230 1066 3288 1111
1086 3237 1235 3302 patentem

236 3298 430 3361 confusionem
449 3304 607 3377 modorum,
627 3306 657 3363 in
670 3307 770 3379 primis
783 3307 957 3367 subiunctivi
970 3310 1001 3364 et
1013 3308 1144 3381 optativi,
1166 3326 1234 3381 quo

234 3390 299 3434 rum
316 3376 477 3452 legitimum
490 3381 645 3440 discrimen
657 3383 715 3456 ipsi
729 3383 865 3443 Graeculi
878 3391 1089 3458 postremorum
1102 3389 1232 3446 saeculo·

233 3467 297 3510 rum
316 3469 419 3527 parum
438 3462 519 3517 recte
538 3464 700 3517 tonuerunt.
740 3461 846 3520 Notavi
867 3462 982 3533 quidem
1002 3463 1072 3521 mihi
1092 3464 1131 3521 ad
1151 3466 1231 3535 quin-

234 3525 328 3588 decim
348 3534 479 3607 exempla
496 3534 581 3594 huius
601 3532 785 3609 condicionis,
810 3538 913 3609 quibus
934 3539 972 3598 ad
991 3539 1122 3612 regulam
1143 3543 1231 3599 corri-

233 3606 335 3678 gendis
356 3612 386 3668 et
404 3615 527 3670 metrum
548 3617 578 3670 et
596 3611 666 3670 libri
687 3628 786 3671 omues
799 3614 927 3673 obstent:
949 3622 980 3675 11
998 3619 1028 3675 in
1040 3619 1127 3691 longe
1140 3619 1229 3691 pluri·

231 3683 285 3741 mis
304 3699 361 3743 non
382 3691 427 3745 est
448 3686 574 3761 dubium,
594 3687 664 3760 quin
684 3689 861 3761 antiquiores
874 3691 941 3751 libri
954 3709 1019 3752 cum
1033 3696 1227 3768 grammaticis

233 3763 262 3816 et
287 3762 414 3822 metricis
438 3765 548 3838 regulis
574 3770 766 3836 congruentes
792 3769 931 3839 sequendi
951 3771 1017 3830 sint.
1057 3769 1167 3830 Saltem
1187 3771 1227 3842 id,
