3034 4434
729 547 907 600 ..34-

320 695 434 768 longius
461 695 565 754 abesse
591 694 741 754 concedes.
780 695 847 753 Non
866 700 962 753 moret
981 710 1043 767 me,
1069 694 1147 767 quod
1171 696 1246 754 nihil
1267 702 1327 756 tam

319 774 468 844 antiquum
488 777 592 845 exstet,
613 773 695 831 cuius
715 772 899 830 contentione
918 787 966 829 res
980 771 1226 844 deprehendatur.
1257 775 1327 847 Quis

320 851 404 920 enim,
424 848 548 922 primum
567 850 668 908 videns
689 848 820 907 edultum
839 847 983 906 hominem
1003 853 1033 907 et
1051 849 1168 922 integra
1181 853 1327 924 magnitu-

321 926 397 998 dine,
418 925 534 984 discere
554 927 654 999 oupiet
674 941 710 984 ex
728 926 803 998 ipso,
823 925 902 996 quali
921 941 1057 982 mensura
1075 923 1174 999 fuerit,
1195 943 1285 998 quum
1297 929 1327 986 in

318 1002 468 1062 cunabulis
489 1004 586 1061 essct?
607 1002 749 1075 Quocirca
768 1007 881 1060 tantum
901 1000 994 1069 abest,
1014 1007 1048 1060 ut
1067 1017 1132 1059 cum
1151 1003 1175 1061 1.
1197 1003 1233 1062 G.
1255 1004 1327 1064 Vos·

320 1078 405 1149 si019)
432 1080 537 1137 ceteris
564 1079 753 1153 scriptoribus
774 1078 948 1138 oblivionem
967 1083 1019 1136 aut
1037 1079 1234 1151 ignorantiam
1254 1081 1326 1140 obii-

320 1159 407 1228 ciam‚
428 1156 504 1227 quod
525 1157 598 1216 haec
615 1162 675 1215 tem
695 1156 821 1228 insignia
840 1161 1025 1214 monumenta
1044 1156 1210 1230 scripturae
1230 1163 1326 1216 mans

319 1235 415 1292 ierunt
434 1234 558 1306 silentio,
584 1240 617 1292 nt
636 1235 724 1293 etiem
749 1249 786 1292 ex
803 1232 860 1291 boc
877 1233 941 1304 ipso
952 1231 1141 1291 dubitandum
1157 1240 1269 1308 putem,
1289 1252 1327 1294 an

320 1309 486 1368 Herodotus
506 1309 579 1369 illud
598 1310 736 1369 iudicium
756 1325 839 1367 suum
861 1307 976 1367 Griticis
994 1325 1065 1367 suec
1078 1311 1204 1369 nationis
1220 1312 1327 1383 proba·

320 1387 402 1445 verit.
442 1385 580 1459 Idemque
601 1387 637 1445 de
656 1387 777 1458 reliquis
797 1384 1042 1458 inscriptionibus,
1056 1402 1129 1458 ques
1143 1389 1276 1446 nonnulli
1289 1404 1326 1447 ex

321 1463 422 1523 eodem
437 1464 550 1536 ¹templo
570 1463 749 1537 prodente),
773 1462 961 1522 statuendum
981 1478 1047 1520 esse
1066 1463 1202 1523 arbitror.

282 1561 306 1599 si
396 1540 490 1613 Igitur
508 1542 564 1600 boc
582 1557 671 1599 unum
690 1541 806 1599 videtur
824 1546 907 1598 recte
926 1539 1023 1612 redigi
1043 1555 1079 1598 ex
1097 1540 1259 1616 Herodoto,
1282 1558 1326 1601 ar-

322 1621 380 1675 tem
402 1617 547 1676 scribendi
560 1619 618 1676 iem
631 1617 740 1676 dudum
754 1624 822 1676 ante
836 1618 916 1675 illum
930 1617 1075 1688 cogmtam
1088 1618 1327 1692 celebratamque

320 1692 426 1767 fuisse,
452 1702 485 1753 ut
509 1695 618 1753 ultimis
643 1694 821 1767 temporibus
847 1694 991 1766 assignari
1016 1699 1123 1767 posset.
1171 1696 1236 1768 Quo
1262 1697 1327 1770 ipso

321 1771 433 1830 destrui
452 1775 538 1844 putes
558 1771 676 1830 Woodii
695 1772 868 1844 opinionem.
908 1771 986 1829 Nam
1006 1771 1032 1828 si
1051 1769 1123 1828 illud
1143 1776 1204 1831 tam
1223 1775 1326 1845 paucis

321 1849 403 1906 annis
424 1850 503 1906 ente·
511 1847 692 1906 Herodotum
712 1846 776 1905 fieri
796 1848 949 1921 coepisset,
975 1844 1204 1922 ἱστορικώτατος
1223 1857 1327 1910 auctor

320 1940 377 1983 non
397 1925 448 1995 ita,
469 1931 501 1980 ut
521 1921 599 1996 fecit,
620 1924 800 1982 iudicaturus
821 1929 893 1983 erat
934 1923 1070 1983 Ceterum
1089 1940 1201 1998 vereor,
1220 1942 1260 1984 ne
1273 1928 1326 1985 tri-

321 2000 434 2057 tissima
453 1997 552 2057 fabula
572 1998 608 2058 de
619 1999 740 2059 ¹Gedmo
759 1997 916 2059 referenda
935 2002 974 2059 sit
992 2001 1089 2074 potius
1108 2000 1147 2059 ad
1166 2002 1326 2075 antiquita-

321 2080 380 2132 tem
400 2075 491 2148 ipsius
510 2077 628 2149 inventi,
649 2092 735 2148 quam
752 2076 794 2135 ad
814 2093 879 2136 eum
898 2083 1023 2136 tractum
1037 2079 1185 2150 temporis,
1205 2095 1263 2151 quo
1276 2097 1326 2140 no-

322 2152 388 2209 titia
408 2152 470 2210 eius
491 2152 529 2210 ed
552 2152 680 2212 Graecos
701 2156 875 2227 pervenerit
908 2155 988 2213 Talis
1009 2155 1085 2213 enim
1104 2154 1214 2214 inventi
1234 2173 1325 2230 vagus

322 2244 420 2287 rumor
439 2228 517 2287 baud
538 2228 625 2287 dubie
645 2230 724 2303 apud
743 2232 808 2290 illos
828 2231 993 2304 praecurrit
1015 2238 1169 2290 accuratae
1189 2234 1326 2306 notitiee3

321 2304 396 2363 hanc
415 2305 501 2377 longo
521 2306 674 2366 interiecto
694 2309 790 2381 spatio
809 2308 924 2367 rudium
943 2324 1079 2367 manuum
1092 2309 1262 2382 imitamine,
1282 2317 1326 2370 at·

322 2396 379 2453 que
404 2381 477 2440 haec
503 2389 649 2456 postremo
681 2385 809 2457 vulgaris
840 2402 909 2444 usus
936 2391 967 2444 et
993 2384 1167 2457 conscriptio
1186 2386 1326 2447 librorum

321 2463 423 2516 secuta
442 2466 496 2518 est.
518 2458 545 2533 [ὁ
559 2454 695 2539 Ἡρακλῆς
714 2461 731 2518 ὁ
751 2458 789 2530 ἐξ
798 2459 945 2540 Ἀλκμήνης
964 2460 1013 2518 κοιλ
1032 2459 1101 2526 Διὸς
1119 2456 1153 2540 ἢν
1169 2460 1226 2539 μὲν
1238 2497 1278 2507 -
1290 2459 1329 2531 ἐξ

322 2533 417 2634 ἀρχῆς
429 2569 467 2579 -
481 2535 603 2602 Ἀλκαῖος
616 2535 750 2614 τοῦνομα,
770 2536 916 2615 ὑπέδραμε
929 2533 964 2596 δὲ
978 2536 1028 2616 τὴν
1040 2533 1070 2595 Ἡ
1085 2536 1209 2604 ακλέοος
1221 2559 1325 2618 προςη-

322 2633 420 2705 γοριαν
445 2613 626 2692 νομιζομένου
652 2613 731 2692 παρὰ
755 2618 816 2680 τοῖς
841 2613 908 2672 τότε
928 2614 1008 2672 θεοῦ.
1034 2613 1105 2673 ber
1134 2614 1183 2672 καλ
1207 2611 1240 2674 ἐν
1261 2621 1323 2682 ταῖς

325 2687 431 2766 θηβοιις
461 2689 546 2764 λόγος
578 2685 641 2769 ἔχει
672 2690 758 2747 πάλαι
788 2690 859 2749 ποτὲ
883 2690 938 2750 coc
956 2690 1038 2749 ιάντα
1063 2688 1132 2749 ἴδιον
1156 2687 1325 2770 Ἡρακλέους

322 2762 462 2841 εὑρῆσθαι
482 2762 640 2902 ἐπιγραφΕμ
660 2762 768 2845 ἔχοντα
780 2766 904 2832 Ἀλκαῖος
917 2712 1120 2846 Ἀμφιτρύωνος
1131 2762 1325 2851 Ἡρακλεῖχα-

319 2838 473 2917 ριοτήριον.
496 2843 573 2900 Sext.
621 2846 704 2916 mpii*-
726 2850 752 2916 9,
774 2849 833 2918 3t.]

785 2997 870 3071 XV.

400 3129 457 3187 Hic
477 3146 533 3189 non
555 3122 664 3206 dubito,
685 3135 754 3206 quin
774 3134 864 3194 futuri
885 3135 943 3194 sint
962 3135 1055 3205 multi,
1075 3136 1124 3207 qui
1144 3137 1246 3196 telium
1260 3155 1323 3212 pro-

231 3265 235 3269 ,
323 3220 473 3277 gressuum
500 3209 737 3279 significationem
767 3212 820 3271 sub
850 3213 908 3270 ibis
939 3212 1101 3271 nominibus
1131 3213 1238 3287 latere,
1271 3231 1323 3274 uec

389 3371 427 3506 33))
444 3372 484 3494 θλ
498 3374 698 3508 Ιλὲιξὲοὲῗῇἃῗ
710 3373 905 3496 11λ.101’11ἒ1οοῗ3ι
920 3454 1046 3518 versuum
1068 3439 1215 3519 nouitatem
1242 3443 1321 3510 plane

321 3505 412 3573 prodit
430 3523 484 3560 una
502 3509 649 3563 contractio
667 3510 764 3580 ἑαυτῷ.
782 3510 842 3564 Νοο
859 3509 996 3575 antiquius
1013 3513 1055 3561 cst
1073 3524 1239 3576 epigramma
1257 3510 1322 3563 illud

321 3589 365 3644 ap.
384 3575 496 3629 Aristot.
514 3575 611 3630 Mirab.
630 3580 711 3631 Auso.
732 3583 788 3634 145.
827 3576 871 3645 [ci.
890 3577 1035 3630 Hermann.
1054 3577 1089 3631 ad
1104 3576 1187 3645 Orpn
1205 3594 1232 3645 p.
1251 3579 1320 3647 7864

321 3645 367 3696 An
390 3643 469 3697 aliter
491 3643 661 3699 iudicandum
681 3647 716 3699 sit
734 3645 767 3699 de
785 3644 1004 3711 inscriptionibus
1022 3644 1136 3699 aliorum
1154 3645 1320 3714 templorum,

341 3726 390 3765 ues
406 3718 512 3765 veteres
529 3712 629 3779 passim
647 3715 757 3768 tradunt
775 3730 810 3767 ex
827 3713 1012 3781 antiquissima
1023 3719 1121 3780 aetate,
1138 3713 1185 3766 alii
1197 3714 1319 3768 viderint.

353 3779 391 3832 ihi
401 3779 510 3833 videtur
521 3780 549 3833 in
560 3786 617 3834 toto
628 3781 680 3836 hoc
692 3797 791 3850 genere
802 3781 918 3850 primum
930 3786 1024 3834 sancta
1035 3781 1109 3836 maus
1121 3790 1244 3850 grassata
1255 3797 1319 3837 esse.
