3034 4434
709 1034 737 1113 Ι.

222 1183 344 1275 Duplex
365 1199 517 1274 inprimis
539 1213 628 1270 genus
650 1203 695 1256 est
709 1196 928 1268 emendationis,
949 1196 1027 1269 quod
1048 1197 1129 1256 libris
1145 1204 1252 1258 veter

215 1297 277 1337 rum
291 1278 441 1338 admoveri
455 1282 485 1335 et
498 1274 596 1348 potest
609 1280 639 1332 et
653 1275 735 1346 solet,
749 1280 782 1332 ut
796 1273 904 1332 avitiis
920 1279 949 1331 et
959 1275 1087 1344 maculis,
1103 1291 1175 1346 quas
1188 1292 1225 1335 ex

218 1357 303 1428 longa
323 1353 561 1428 peregrinatione
581 1353 610 1408 in
631 1351 795 1409 barbariem
808 1351 904 1408 varias
919 1351 1114 1424 plurimasque
1128 1358 1226 1411 traxe·

217 1440 292 1504 runt,
302 1432 430 1502 liberati,
442 1429 560 1503 propius
572 1428 610 1485 ad
621 1429 768 1500 antiquam
781 1433 810 1485 et
821 1443 902 1485 suam
912 1426 1033 1486 formam
1043 1435 1224 1488 revocentur.

216 1509 349 1566 Alterum
369 1508 435 1580 plus
455 1505 566 1577 negotii
587 1511 630 1577 et,
659 1521 753 1578 paene
774 1504 909 1576 dixerim,
936 1519 1093 1563 aerumnae
1118 1504 1224 1578 babet3

217 1587 341 1643 alterum
354 1585 421 1656 plus
437 1583 548 1642 otiosae
563 1580 779 1640 delectationis:
794 1587 957 1653 utrumque,
971 1587 1051 1639 recte
1066 1583 1091 1639 si
1105 1582 1223 1641 adbibe-

216 1669 273 1734 tur,
294 1662 366 1719 utile
387 1665 445 1731 est3
467 1664 498 1717 at
518 1658 640 1716 alterum
661 1659 770 1716 utilius.
803 1659 878 1716 Nam
892 1658 942 1729 qui
956 1658 1072 1730 optimis
1086 1658 1225 1718 subsidiis

217 1740 263 1796 vel
280 1739 398 1795 minime
412 1738 579 1808 instructus,
594 1736 766 1808 scriptorem
779 1734 861 1793 nobis
877 1733 1102 1792 emendatiorem
1116 1734 1225 1808 reddit,

219 1816 278 1872 sive
298 1814 414 1886 ingenio
436 1829 498 1884 suo,
518 1812 579 1870 sive
599 1828 756 1885 paucorum
776 1811 915 1870 librorum
935 1828 1007 1883 usu3
1028 1812 1156 1883 quamvis
1177 1812 1226 1870 rix

216 1892 339 1962 triginta
352 1905 460 1948 naevos
475 1889 634 1960 sustulerit,
650 1895 767 1947 centum
781 1889 935 1960 relinquat,
951 1904 1016 1946 eum
1029 1894 1126 1947 tamen
1140 1905 1225 1948 nemo

217 1967 357 2026 debonis
378 1966 484 2024 litteris
505 1965 579 2024 bene
599 1966 703 2025 mereri
724 1972 821 2038 neget.
842 1966 945 2036 Itaque
964 1981 1012 2024 res
1033 1963 1096 2023 lieri
1109 1966 1225 2027 solebat

216 2051 276 2103 tum
296 2044 429 2115 maxime,
450 2058 537 2114 quum
555 2042 623 2100 libri
639 2044 748 2101 calamo
763 2042 864 2115 scripti
876 2058 934 2101 non
947 2042 989 2100 ita
1004 2042 1118 2114 pridem
1131 2043 1222 2116 prelis

216 2120 319 2179 subiici
340 2121 516 2193 coepissent,
543 2120 630 2191 inque
659 2119 721 2177 dies
742 2135 853 2177 summa
872 2135 1010 2178 novorum
1030 2118 1223 2179 subsidiorum

218 2198 397 2271 exspectatio
425 2201 511 2254 esset.
552 2196 643 2267 Quem
663 2212 772 2255 morem
791 2201 895 2269 postea
913 2196 1045 2269 plerique
1071 2202 1139 2255 sunt
1159 2197 1223 2255 imi·

216 2276 270 2332 tati
290 2272 330 2332 ad
342 2278 471 2332 nostram
485 2276 620 2344 aetatem,
642 2274 729 2331 etiam
742 2274 773 2331 in
787 2274 822 2331 iia
836 2273 1034 2345 scriptoribus,
1056 2275 1106 2344 qui
1119 2274 1222 2331 critica

218 2351 341 2409 materia
361 2354 391 2408 et
411 2349 488 2409 omni
502 2364 608 2420 genere
623 2349 853 2409 adiumentorum
867 2348 1056 2407 abundarent.
1076 2350 1220 2408 Nimirum
1235 2366 1250 2405 4

218 2428 304 2500 pauci
333 2442 472 2486 novarum
501 2427 700 2485 recensionum
720 2433 854 2485 auctores
876 2427 919 2484 ita
943 2430 1047 2497 agunt,
1080 2432 1131 2484 aut
1159 2442 1224 2484 eam

218 2503 326 2563 laboris
346 2503 520 2576 patientiam
540 2503 677 2576 afferunt,
701 2509 735 2562 ut
762 2520 799 2563 cx
823 2503 894 2563 locis
921 2503 992 2560 satis
1012 2516 1101 2574 saepe
1124 2518 1226 2561 recon-

219 2580 288 2651 ditis
309 2585 340 2638 et
360 2579 532 2654 disparatis,
552 2579 582 2637 in
601 2581 761 2653 primisque
780 2596 817 2639 ex
835 2578 981 2639 veteribus
1003 2578 1225 2652 exemplaribus,

218 2672 330 2715 omnem
362 2657 534 2715 varietatem
558 2657 689 2716 lectionis
720 2658 905 2728 contrahant,
936 2671 994 2728 qua
1022 2654 1129 2714 deinde
1158 2671 1225 2714 cum

219 2734 345 2805 vulgatis
366 2739 542 2806 comparata,
564 2738 743 2793 constantem
758 2734 986 2793 emendationem
1004 2732 1224 2805 aggrediantur.
1300 2776 1331 2811 ·.

220 2809 309 2868 Immo
330 2810 492 2869 consistunt
511 2809 572 2869 fere
593 2816 654 2868 tum
674 2809 799 2885 demum,
819 2810 869 2870 ubi
881 2809 1049 2884 impeditior
1062 2826 1163 2869 sensus
1177 2811 1224 2868 vel
1292 2846 1294 2853 ·
1326 2812 1329 2819 '

219 2886 283 2958 ipsu
303 2887 403 2959 specie
421 2885 606 2945 manifestum
626 2887 727 2945 vitium
746 2888 898 2958 obiicitur3
918 2888 977 2946 iam
996 2885 1035 2945 ad
1054 2888 1150 2945 varias
1165 2885 1225 2945 lec-

218 2963 312 3020 tiones
333 2961 443 3021 autad
463 2969 546 3022 vetus
568 2964 714 3037 exemplar
734 2963 916 3037 confligium,
944 2962 1034 3022 surda
1052 2964 1224 3037 plerumque

220 3037 353 3110 oracula,
378 3038 435 3097 nisi
459 3045 626 3099 constanter
645 3041 870 3100 consulentibus.
909 3041 1013 3114 Neque
1032 3041 1153 3099 multum
1179 3040 1224 3099 di·

220 3130 305 3173 versa
323 3115 400 3174 ratio
420 3121 467 3174 est
486 3132 600 3189 eorum,
626 3117 689 3190 qui,
716 3119 898 3189 quantumvis
921 3116 1066 3176 interdum
1087 3116 1165 3176 docti
1186 3132 1222 3175 aa

219 3191 369 3264 sollertes,
394 3208 506 3252 omnem
533 3193 763 3253 emendationem
789 3211 824 3253 ex
851 3196 961 3267 aliquot
980 3193 1118 3252 librorum
1137 3193 1224 3254 MSS.

218 3265 276 3326 fide
296 3283 466 3342 suspensam
489 3285 554 3328 csse
574 3271 686 3343 volunt,
713 3276 765 3330 aut
785 3273 834 3343 qui
853 3277 952 3340 texta,
976 3286 1051 3343 quae
1074 3277 1224 3343 vocantur,

220 3344 307 3417 plane
329 3343 420 3403 edunt
439 3344 478 3404 ad
497 3347 581 3404 unius
602 3348 777 3421 exemplum,
798 3350 877 3408 velut
895 3349 946 3407 isti
966 3346 1084 3407 tandem
1104 3346 1171 3405 libri
1185 3348 1224 3406 ad

219 3421 370 3493 scriptoris
390 3421 513 3482 salutem
533 3422 599 3482 fatis
620 3422 759 3482 destinati
779 3431 885 3485 essent.
1208 3490 1210 3493 ,

277 3497 324 3556 Ab
345 3497 401 3558 hoc
420 3498 528 3559 leviore
549 3505 579 3558 et
599 3501 681 3573 quasi
703 3501 862 3563 desultoria
876 3518 983 3576 genere
996 3501 1150 3574 plurimum
1164 3499 1225 3559 dis·

221 3579 322 3647 crepat
341 3574 429 3646 iusta,
450 3581 593 3648 perpetua
613 3583 643 3634 et
663 3578 750 3636 certis
771 3580 843 3637 artis
862 3579 976 3653 legibus
996 3579 1063 3636 nixa
1082 3577 1223 3635 recensio.

221 3648 253 3706 In
267 3651 317 3709 illo
331 3651 403 3710 nibil
417 3669 509 3725 prope
523 3652 611 3725 aliud,
625 3644 711 3725 qdam
723 3656 832 3728 passim
846 3656 990 3715 exstantia
1003 3654 1134 3725 aliquove
1147 3653 1224 3712 libro

221 3726 338 3797 prodita
348 3728 470 3787 vulnera
483 3745 587 3788 sanare
601 3731 746 3803 volumus3
764 3734 984 3791 transmittimus
998 3730 1091 3804 plura,
1106 3728 1144 3786 ad
1158 3745 1225 3787 seu·

244 3826 332 3878 Woll,
344 3828 513 3878 Prologomcna.
1066 3841 1084 3880 q
