3034 4434
649 518 827 573 -1os-

244 663 335 723 verbis
355 665 538 738 complectar,
559 664 744 725 Aristarchus
764 663 804 739 id,
824 665 902 739 quod
921 665 1046 727 audacia
1059 666 1151 727 aetati
1163 682 1235 727 suae

241 741 366 816 propria,
381 748 467 814 atque
481 742 555 802 adeo
568 742 612 801 rei
624 747 826 815 consentanea,
836 743 982 816 nimiaque
996 744 1155 804 sobrietate
1168 759 1235 803 acu·

242 817 323 877 minis
344 816 474 892 deliquit,
494 821 662 892 pensavisse
682 818 798 878 videtur
817 821 956 892 religione
977 826 1008 881 et
1026 837 1097 880 cura
1116 825 1147 880 et
1158 821 1237 881 omni

240 895 381 968 cautione,
401 912 438 955 ne
458 897 614 968 quidquam
633 897 663 954 in
684 896 845 968 exemplum
865 913 948 956 suum
968 897 1153 971 admitteret,
1179 897 1236 956 nisi

238 971 315 1045 quod
334 971 506 1031 Homericae
527 980 578 1032 aut
597 979 676 1032 certe
696 972 809 1046 priscae
828 979 961 1034 monetae
982 980 1069 1034 esset
1282 1025 1286 1035 .

313 1048 507 1108 Revertamur
526 1049 564 1108 ad
582 1051 772 1124 propositum.
804 1049 862 1109 Est
881 1051 957 1110 enim
975 1053 1126 1124 reliquum,
1146 1057 1180 1110 m
1198 1050 1237 1114 da

237 1121 377 1204 ‹ider-icet
389 1124 549 1186 Aristarchi
563 1129 681 1201 proprie
694 1126 832 1186 dieamm.
860 1126 1028 1188 Macrobius
1042 1127 1158 1201 quidem
1167 1128 1237 1188 scri·

239 1201 289 1274 bit,
309 1203 368 1260 tria
387 1203 460 1262 haee
474 1220 509 1263 ex
523 1220 615 1276 aequo
629 1204 819 1278 impossibilia
831 1204 964 1277 iudicari,
984 1206 1030 1265 vel
1042 1206 1104 1264 Iovi
1117 1203 1234 1279 fulmen,

238 1279 282 1337 vel
295 1279 416 1338 Herculi
433 1281 552 1354 olavam,
571 1282 617 1340 vel
636 1297 750 1340 versum
770 1281 897 1341 Homero
914 1281 1138 1354 subrahere⁵⁸).
1170 1282 1236 1343 Hoc

237 1355 261 1414 is
280 1362 371 1428 recte,
391 1373 478 1415 sensu
498 1359 546 1418 illo
567 1375 623 1430 quo
645 1358 730 1416 dixit:
756 1357 810 1416 sed
828 1373 983 1432 perperam
1002 1355 1176 1418 transfertur
1195 1358 1234 1418 ad

237 1432 311 1492 hanc
330 1434 471 1493 rationem
491 1434 629 1494 cridcam.
668 1435 731 1494 Nec
750 1434 807 1493 iam
826 1435 929 1507 loquor
947 1434 984 1493 de
1004 1435 1144 1508 versibus,
1164 1452 1235 1507 quos

237 1508 345 1568 dudum
365 1509 544 1580 oblitteravit
562 1511 724 1570 Aristarchi
743 1511 882 1570 recensio.
923 1512 1070 1572 Subtracti
1090 1517 1157 1571 sunt
1176 1513 1235 1586 i11i;

237 1585 379 1645 Homerus
399 1604 502 1659 passus
523 1594 582 1660 est,
612 1605 696 1647 nemo
716 1589 813 1647 sentit.
847 1587 906 1647 Sed
924 1589 1033 1646 nullum
1055 1594 1101 1647 est
1120 1590 1234 1652 omnino

236 1678 327 1735 genus
347 1665 528 1737 scriptorum,
548 1666 595 1723 cui
614 1662 727 1724 facilius
748 1670 779 1724 et
798 1681 863 1724 eum
880 1666 992 1725 minore
1005 1666 1157 1739 dispendio
1171 1681 1235 1725 sen·

236 1742 391 1798 tertiarum
411 1741 521 1814 aliquid
542 1741 619 1800 demi
638 1742 739 1815 possit,
761 1757 846 1812 quam
859 1742 903 1800 his
917 1740 1033 1816 ἀοιδοῖς,
1047 1742 1154 1816 quippe
1165 1758 1235 1815 quo·
1247 1765 1288 1808 sco

235 1832 299 1874 rum
319 1819 412 1878 oratio
433 1819 550 1877 iuvenili
570 1818 704 1878 ubertate
725 1835 780 1892 per
798 1819 900 1892 longas
920 1819 1057 1893 ambages
1072 1817 1234 1893 deducitur,

237 1898 267 1950 et
286 1894 364 1966 apud
384 1911 455 1966 quos
475 1912 564 1968 saepe
583 1896 698 1969 levium,
718 1894 756 1953 ad
775 1901 905 1954 noemam
924 1897 1041 1968 quidem
1054 1911 1179 1969 sensum,
1200 1912 1235 1956 ac

235 1971 409 2029 minutarum
428 1989 524 2031 rerum
544 1973 640 2045 imago
651 1973 752 2046 spirat.
781 1973 885 2045 Neque
896 1972 974 2047 apud
989 1989 1038 2033 eos
1049 1973 1235 2047 comprehen-

235 2048 279 2106 sio
300 2054 330 2105 et
350 2048 474 2108 ambitus
495 2049 647 2109 verborum
667 2050 709 2108 sio
728 2050 902 2110 terminatur
920 2049 1090 2124 artificiose,
1117 2056 1150 2109 ut
1169 2065 1235 2124 per·

234 2125 363 2198 petuitas
374 2131 524 2184 contextus
537 2127 658 2186 tollatur
671 2125 788 2200 dempto
799 2128 895 2199 aliquo
906 2127 1066 2200 versiculo;
1086 2127 1155 2200 quin
1168 2143 1234 2187 con·

237 2209 282 2259 tra
300 2202 343 2260 ita
363 2218 564 2274 nonnunquam
585 2203 623 2262 ad
636 2201 736 2263 doctas
750 2220 837 2263 aures
852 2205 962 2277 gratior
975 2205 1067 2263 currit
1079 2205 1234 2264 sententia.

235 2277 294 2337 Sed
318 2279 384 2338 nolo
408 2296 484 2338 nunc
509 2297 611 2339 causas
636 2280 721 2339 huius
750 2281 871 2341 rationis
892 2281 1064 2340 emendandi
1082 2281 1235 2356 persequi3

234 2354 305 2426 quid
324 2356 494 2416 Aristarcho
513 2357 665 2431 placuerit,
685 2357 814 2416 breviter
834 2362 864 2415 et
883 2358 1053 2431 simpliciter
1071 2357 1195 2418 tradam

312 2432 466 2492 Enimvero
485 2434 608 2508 primum
627 2433 710 2493 nobis
729 2431 793 2494 fons
804 2433 986 2506 indagandus
1001 2440 1054 2507 est,
1073 2434 1150 2493 unde
1164 2433 1234 2492 dde-

234 2505 348 2586 τῆσεως
361 2511 493 2584 exempla
501 2517 643 2584 petamus.
658 2511 790 2583 Namque
801 2509 983 2569 celeberrimi
992 2511 1070 2568 illius
1084 2510 1161 2570 obeli
1173 2516 1234 2570 tam

233 2601 303 2644 rara
322 2587 446 2660 vestigia
466 2593 581 2646 exstant
599 2588 652 2646 sub
666 2585 829 2646 Aristarchi
846 2588 972 2658 nomine,
991 2592 1026 2645 ut
1044 2592 1183 2660 congesta
1196 2602 1234 2647 ex

235 2661 371 2736 Scholiis,
397 2681 433 2723 ex
451 2664 620 2737 Eustathio,
650 2681 685 2723 ex
704 2664 823 2738 reliquis
843 2664 1047 2738 scriptoribus,
1071 2664 1168 2724 omnia
1185 2663 1234 2723 rix

234 2740 357 2813 triginta
376 2741 505 2800 versibus
520 2741 712 2815 suspicionem
721 2741 887 2816 importent
919 2740 966 2800 Ea
977 2756 1025 2800 res
1035 2756 1082 2800 me
1094 2739 1233 2815 pedeten-

232 2816 286 2874 tim
304 2815 424 2876 adduxit
438 2819 468 2875 in
485 2819 562 2878 banc-
573 2818 747 2891 opinionem,
767 2823 800 2876 ut
812 2817 899 2878 bodie
912 2815 1068 2897 ἀθετήσεις
1080 2818 1234 2878 clarissimi

233 2891 335 2952 (tritici
352 2895 443 2954 multo
457 2895 573 2968 saepius
586 2895 647 2967 legi
659 2901 758 2969 putem
773 2911 859 2967 quam
872 2911 976 2955 nomen
990 2895 1062 2970 eins,
1083 2897 1233 2968 multoque

232 2971 372 3030 maiorem
391 2978 505 3045 partem
523 2972 703 3032 notationum
721 2972 806 3031 buius
827 2973 952 3044 generis,
973 2987 1047 3044 qnae
1067 2972 1097 3030 in
1110 2971 1233 3033 Scholiie

232 3047 295 3105 sine
315 3054 434 3108 auctore
453 3047 666 3122 afferunturu),
687 3047 725 3108 ad
745 3049 807 3108 eius
827 3049 1031 3108 auctoritatem
1051 3047 1233 3109 referendam
1245 3081 1286 3122 ,ω

232 3139 308 3182 esse.
347 3124 381 3183 Id
401 3126 505 3197 quibus
524 3127 703 3198 argumentis
724 3125 906 3198 coniecerim,
927 3126 1027 3199 paucis
1048 3125 1174 3199 dooeb03
1194 3142 1233 3186 aa

232 3200 395 3274 probabilia
415 3218 451 3260 ea
470 3207 641 3275 argumenta
661 3203 726 3276 sint,
747 3202 874 3261 cuiusvis
895 3203 953 3260 erit
971 3202 1109 3264 iudicare.

300 3371 336 3438 ⁵3)
354 3371 460 3425 Satura.
478 3369 512 3439 V,
530 3376 555 3428 3.

300 3458 336 3521 ⁵4)
353 3457 414 3512 Sive
432 3457 514 3513 verbo
531 3458 679 3526 domairac,
697 3458 726 3512 in
739 3457 837 3513 Scholl„
855 3457 992 3526 adscripto
1004 3456 1162 3527 simpliciter
1172 3467 1233 3510 ver·

231 3524 306 3578 sibus
323 3525 369 3593 iis,
392 3525 484 3594 quiin
502 3532 579 3581 textu
597 3526 821 3595 praestantissimi
839 3525 898 3583 cod
915 3525 1022 3594 virgula
1039 3524 1138 3594 signati
1155 3527 1232 3604 sunt:

232 3599 264 3646 ut
285 3593 314 3646 in
337 3594 430 3661 rhaps.
447 3613 473 3648 a.
491 3599 601 3651 29-31.
621 3599 678 3650 110.
698 3599 755 3650 133.
775 3600 832 3651 139.
853 3599 909 3651 192.
926 3598 986 3650 424.
1003 3597 1062 3648 444.
1079 3594 1153 3660 4743
1175 3605 1232 3671 aare

233 3661 325 3716 addito
342 3677 400 3716 voc.
419 3662 529 3729 ὀβελόςε
548 3669 579 3717 ut
595 3664 623 3718 d,
642 3668 701 3719 235.
713 3669 742 3718 at
753 3663 782 3718 id
794 3663 938 3719 mrissime.
967 3661 1036 3716 Sunt
1047 3667 1138 3716 temen
1149 3664 1232 3714 stram

232 3728 292 3797 loci,
311 3729 357 3798 qui
375 3730 403 3784 in
414 3736 492 3786 textu
504 3731 612 3801 quidem
623 3732 725 3788 habent
736 3732 868 3802 rugulam
880 3748 901 3787 s.
913 3728 1028 3798 obelum,
1046 3728 1096 3785 sed
1105 3726 1236 3784 indicium
