3034 4434
725 517 839 570 -102
870 541 903 551 -

312 680 376 725 rum
395 666 549 724 lectionem
574 663 629 723 sibi
648 663 851 737 negligendam
870 668 1053 736 putaverunt.
1084 665 1140 723 ¹Ite
1159 664 1316 723 Prodicum

312 744 435 816 legimus
456 740 493 800 de
514 741 589 799 veris
610 740 804 813 potestatibus
825 739 1029 800 vocabulorum
1049 747 1079 800 et
1099 741 1195 800 causis
1216 757 1316 800 earum

262 833 300 873 1⁶²
314 819 460 880 subtiliter
479 817 644 894 disputasse
652 817 698 889 3⁰),
718 819 845 890 itemque
865 817 1056 889 Protagoram
1076 824 1107 876 et
1125 819 1232 877 Eleum
1244 818 1316 891 Hip

265 964 267 967 .
306 898 392 971 <piam
412 911 447 954 ea
466 894 552 968 plane
572 895 732 952 instituisse
751 899 894 965 tractare,
921 910 996 966 quae
1025 895 1144 969 propria
1164 901 1232 954 sunt
1251 895 1317 954 doc-

313 980 363 1032 tae
389 969 688 1046 interpretationisffl).
729 971 822 1043 Quam
847 967 972 1029 feliciter
998 971 1054 1043 illi,
1081 987 1225 1044 quaerere
1245 972 1317 1030 nihil

313 1048 428 1110 attinet.
472 1049 547 1108 Nam
576 1049 663 1121 primi
694 1051 814 1107 conatus
843 1048 918 1106 tales
944 1064 992 1108 res
1018 1049 1056 1108 ad
1080 1049 1318 1125 praeceptionem

315 1127 387 1186 artis
412 1124 566 1185 revocandi
592 1124 665 1185 adeo
692 1130 758 1183 sunt
779 1122 925 1196 difficiles,
952 1130 985 1183 ut
1005 1125 1121 1184 summis
1141 1126 1267 1199 ingeniis
1288 1126 1317 1183 in

314 1204 351 1262 iis
374 1202 435 1262 labi
463 1203 551 1261 liceat
575 1201 709 1274 honeste,
738 1217 813 1273 quae
838 1218 895 1260 uno
915 1203 1031 1263 saeculo
1050 1207 1118 1276 post
1138 1204 1186 1261 vix
1205 1203 1316 1262 tirones

315 1281 432 1354 impune
456 1279 596 1338 nesciant.
641 1279 704 1350 Quo
731 1294 767 1336 ex
791 1294 898 1351 genere
922 1278 996 1343 illudv
1019 1286 1081 1351 est,
1107 1280 1185 1351 quod
1205 1279 1244 1337 de
1263 1296 1318 1337 usu

315 1356 479 1432 imperativi
498 1356 576 1416 modi
595 1355 747 1415 verborum
767 1355 918 1428 praecepit
937 1356 1130 1428 Protagoras,
1162 1356 1318 1429 reprehen-

316 1433 388 1493 dens
404 1439 531 1508 poetam,
552 1432 630 1505 quod
641 1433 757 1490 Musam
777 1431 975 1491 immodestius
994 1434 1143 1492 invocarit.
1178 1433 1317 1507 Hippiam

316 1527 385 1571 vero
406 1511 494 1569 etiam
512 1510 543 1566 in
562 1509 621 1567 suis
641 1505 807 1577 ἐπιδείξεσιν
828 1508 906 1581 apud
926 1509 1079 1568 Platonem
1098 1511 1128 1566 in
1148 1511 1318 1582 cognomine

316 1587 433 1659 dialogo
452 1588 496 1645 ita
514 1587 710 1659 disputantem
728 1584 859 1644 videmus
880 1585 916 1644 de
937 1586 1068 1661 Homero
1079 1587 1201 1659 aliisque
1215 1588 1320 1661 poetis,

317 1671 350 1723 nt
370 1665 408 1723 ad
428 1663 623 1723 dubitationes
645 1668 674 1720 et
694 1663 878 1734 quaestiones
899 1662 936 1721 de
955 1663 1070 1722 illorum
1079 1665 1243 1737 sententiis,
1263 1665 1318 1721 vir-

317 1741 428 1801 tutibus
449 1747 478 1799 et
498 1741 574 1798 vitiis
594 1740 793 1813 responderet.
825 1739 910 1798 Unde
930 1741 1114 1814 perspicuum
1133 1747 1179 1799 est
1198 1737 1321 1817 προβλῆ-

315 1838 395 1896 μοτο
415 1834 467 1876 seu
486 1815 607 1894 ἀπορίας
627 1822 657 1875 et
678 1811 773 1880 λύσεις
791 1817 870 1888 illaS,
900 1818 930 1873 iu
954 1817 1058 1888 quibus
1086 1821 1192 1889 postea
1213 1816 1320 1876 cruditi

319 1895 426 1954 alumni
445 1893 640 1952 Alexandriae
660 1898 814 1966 tantopere
834 1892 1064 1966 laborabantil),
1089 1895 1147 1952 iam
1177 1894 1208 1951 in
1227 1894 1320 1967 philo·

319 1972 473 2045 sophorum
498 1976 528 2028 et
548 1969 747 2042 Sophistarum
772 1970 877 2028 scholis
903 1970 1046 2029 celebrari
1075 1972 1217 2043 coepisse.
1257 1971 1320 2030 Nec

319 2046 436 2107 aliunde
456 2046 587 2105 ducenda
607 2052 674 2105 sunt
692 2046 777 2105 initia
796 2046 889 2105 critici
910 2046 1012 2119 studii,
1041 2047 1117 2119 quod
1143 2049 1226 2120 ipsae
1251 2048 1319 2105 illae

319 2123 433 2201 ἀπορίαι
452 2125 550 2182 multis
570 2125 600 2181 in
618 2124 690 2182 locis
711 2139 890 2182 commovere
910 2129 1076 2197 potuerunt.

395 2200 479 2259 Duae
499 2199 661 2259 huiusmodi
683 2199 899 2260 emendationes
919 2206 1076 2273 supersunt
1095 2200 1223 2274 Hippiae
1244 2201 1319 2259 Tha·

268 2300 306 2342 rae
319 2279 369 2350 sii,
395 2294 515 2349 quarum
541 2279 660 2336 alterius
688 2294 724 2335 ue
749 2277 844 2336 locum
864 2276 981 2349 quidem
1000 2277 1207 2349 inveniremus,
1233 2277 1320 2348 (adeo

318 2360 446 2414 mutatus
474 2361 519 2413 est
542 2360 639 2414 textus
665 2357 787 2425 nostem)
817 2354 873 2412 nisi
898 2371 962 2413 eum
981 2353 1156 2414 Aristoteles
1176 2355 1206 2412 in
1227 2360 1321 2412 trans·

320 2448 406 2491 cursu
424 2431 633 2504 indicasset³³).
673 2430 729 2502 Est
747 2431 797 2489 ille
817 2427 899 2499 na.
916 2437 971 2503 15,
992 2431 1042 2489 ubi
1060 2437 1122 2490 tum
1141 2447 1195 2504 pro
1214 2431 1320 2503 verbis,

323 2505 452 2586 Τρώεσσι
472 2507 505 2567 δὲ
526 2505 607 2586 κήδε’
629 2504 762 2600 ἐρῆπτοιι,
790 2507 944 2580 legebatur
963 2506 1025 2566 fere
1045 2514 1078 2566 ut
1096 2528 1128 2584 φ.
1150 2509 1226 2580 29⁷,
1246 2505 1323 2565 dedo-

318 2605 372 2664 μεν
392 2585 428 2644 δέ
445 2583 473 2642 οἱ
491 2579 580 2664 εὖχος
600 2583 732 2662 desuda.
766 2584 888 2658 Impium
901 2585 1068 2658 putabatur,
1088 2586 1186 2644 Iovem
1199 2585 1245 2643 his
1259 2601 1323 2643 ver·

320 2664 365 2724 bis
385 2663 422 2720 id·
436 2664 521 2735 plane
541 2663 720 2735 promittere,
740 2661 818 2734 quod
846 2667 1015 2720 eventurum
1039 2679 1096 2721 non
1121 2667 1213 2733 esset3
1225 2662 1324 2734 .quasi

321 2740 351 2799 in
382 2739 486 2798 ceteris
511 2738 622 2811 Iupiter
654 2753 736 2797 secus
762 2744 866 2811 ageret
897 2754 962 2798 cum
990 2737 1207 2812 Agamemnone
1236 2754 1322 2810 quam

392 3003 427 3069 30)
444 3002 522 3056 Plato
541 3001 646 3055 Gharm.
665 3017 691 3068 p.
712 3004 767 3056 163.
785 3001 818 3055 D.
836 3002 909 3055 Men.
921 3017 948 3070 p.
961 3000 1045 3058 75.E.
1064 2998 1163 3068 Gratyl.
1182 3016 1209 3068 p.
1221 3003 1281 3056 384.
1293 3000 1324 3053 Β.

391 3086 484 3153 31)Ι)ο
508 3086 658 3154 Protagora
680 3103 705 3138 r.
724 3086 836 3140 Aristot.
864 3087 940 3141 Poet.
961 3091 999 3141 19.
1035 3086 1137 3140 Contra
1162 3085 1235 3154 quod
1264 3086 1326 3141 scri-

323 3154 409 3224 psisse
428 3153 523 3208 deinde
542 3154 744 3223 Grammaticos,
763 3161 880 3223 arguunt
898 3155 994 3209 Scholl.
1013 3161 1042 3208 et
1058 3154 1136 3208 Eust.
1160 3170 1188 3221 p.
1208 3159 1249 3209 10.
1285 3155 1326 3208 De

323 3223 425 3291 Hippia
442 3223 511 3276 Plat.
528 3222 609 3291 Hipp.
629 3222 665 3275 II.
684 3239 724 3303 pr.
743 3223 796 3277 Cic.
815 3223 848 3277 de
866 3224 910 3278 Or.
929 3224 980 3288 HI,
998 3227 1049 3289 32,
1075 3222 1122 3276 ubi
1139 3222 1179 3275 illi
1196 3223 1326 3277 tribuitur

325 3291 442 3359 cognitio
460 3297 618 3359 poetarum,
645 3307 823 3360 universeque
842 3292 875 3346 de
893 3291 1027 3360 Sophistis
1044 3291 1156 3346 Isocrat.
1174 3291 1326 3345 Panathen.

324 3375 350 3428 p.
369 3363 428 3413 436.
445 3363 504 3414 446.
523 3360 553 3413 T.
572 3360 608 3413 ΙΙ.
626 3360 727 3428 Auger.
795 3414 798 3420 .

394 3445 430 3515 ³²)
447 3445 591 3514 Porphyrii
610 3445 697 3505 Schol
717 3445 752 3504 ad
772 3445 803 3498 Il.
822 3463 838 3498 ι.
856 3449 915 3501 684,

392 3531 428 3600 ³³)
447 3530 514 3586 ibid.
532 3535 573 3587 25.
599 3537 626 3586 et
652 3547 742 3599 praec.
765 3531 877 3585 Elench.
902 3530 1014 3599 sophist.
1042 3546 1069 3652 ρ.
1092 3533 1152 3586 284
1171 3530 1215 3598 u,
1239 3529 1287 3584 ubi
1303 3546 1327 3608 a.

324 3598 399 3655 Paeii
417 3599 563 3655 Comment.
582 3601 680 3668 analyt.
704 3599 739 3654 ad
757 3599 884 3667 Organon
902 3615 930 3667 p.
947 3603 1008 3654 485.
1060 3598 1142 3653 nillo
1160 3613 1220 3666 cap.
1240 3599 1328 3652 Poeti-

325 3683 370 3722 ces
387 3667 466 3736 plura
484 3675 545 3723 sunt
562 3667 709 3722 firmandae
727 3672 836 3722 nostrae
853 3667 974 3736 opinioni
986 3666 1020 3722 de
1032 3665 1194 3736 antiquitate
1205 3665 1330 3722 Homeri·

325 3751 417 3791 corum
435 3737 635 3807 προβλημάτων
655 3741 683 3789 et
700 3735 816 3789 λύσεων.
860 3784 874 3804 Ι
