3034 4434
640 489 820 583 ¹--m-

235 650 277 716 est,
295 643 325 701 in
345 643 451 716 primis
473 657 583 715 eorum,
603 641 653 714 qui
672 641 729 700 vim
748 641 867 702 humani
885 642 995 715 ingenii
1015 644 1045 702 in
1056 643 1112 704 hoc
1126 659 1233 717 genere

234 721 317 779 metiri
337 724 466 793 possunt
491 735 528 778 ex
547 735 599 778 suo
618 719 750 792 ingenie,
777 725 807 778 ct
833 719 972 779 iudicium
992 722 1063 780 artis
1083 722 1233 780 subactum
1247 731 1285 771 11¹

233 796 1234 871 labencanciquarumlitterarumcognitione,Klopscockiorum,wie-

233 874 386 948 landorum,
402 872 582 932 Vossiorum.
603 873 678 932 Nam
698 873 868 946 vulgaribus
888 872 1137 936 Gallofrancorum
1151 893 1235 949 prac-

236 952 318 1024 ceptis
340 957 372 1009 at
391 947 525 1009 formulis
546 949 621 1023 epici
640 949 782 1009 Carminis
802 949 929 1009 faciendi
949 952 1019 1010 nihil
1039 954 1077 1011 ad
1097 969 1235 1012 summam

233 1029 269 1085 rei
280 1027 459 1102 proficimus.
491 1027 594 1099 Neque
614 1027 690 1085 enim
706 1029 777 1086 satis
792 1032 845 1100 est,
867 1026 989 1087 artificia
1003 1030 1153 1102 utriusque
1174 1047 1235 1090 cor·

235 1107 305 1178 pons
326 1105 481 1176 admirari,
502 1105 776 1177 quaenuncinsunt,
797 1106 964 1178 primariam
976 1107 1120 1178 quandam
1130 1112 1161 1165 et
1170 1108 1236 1165 sim-

235 1183 332 1255 plicem
342 1179 459 1260 πρᾶξιν,
470 1183 501 1239 in
510 1181 634 1239 maxima
645 1181 789 1240 varietate
799 1198 896 1240 rerum
911 1188 941 1240 et
952 1190 1119 1243 eventorum
1129 1184 1236 1256 ubique

234 1261 423 1334 conspicuam,
451 1274 539 1316 unum
557 1264 652 1317 actum
674 1273 710 1316 ex
729 1259 865 1317 universa
879 1259 1002 1318 historia
1020 1261 1138 1321 Troiani
1157 1261 1235 1333 belli,

236 1335 277 1412 [cf.
290 1335 395 1396 BrieIe
407 1352 445 1395 au
458 1335 560 1408 Heyne
574 1353 602 1408 p.
620 1338 688 1408 120]
710 1352 799 1394 unum
817 1336 934 1395 heroem
954 1338 1102 1411 selectum,
1123 1339 1236 1410 reliqua

234 1413 265 1472 ad
279 1413 482 1473 exornandum
496 1413 607 1471 scilicet
617 1412 722 1471 callide
736 1413 923 1486 interposita3
944 1414 991 1472 hic
1004 1416 1099 1474 omnia
1112 1414 1150 1473 ad
1163 1416 1236 1473 mam

235 1489 351 1550 Achillis
371 1491 479 1564 relata,
500 1490 560 1548 illic
578 1489 616 1548 ad
634 1489 747 1562 Ulyssis
767 1490 906 1561 reditum3
926 1491 998 1549 nihil
1011 1509 1068 1551 non
1082 1491 1156 1549 bene
1170 1509 1236 1550 con-

234 1568 384 1641 tinuatum,
405 1567 479 1625 nihil
491 1572 723 1641 praeposterum,
742 1567 814 1624 nihil
828 1568 1038 1640 perturbatum,
1059 1568 1131 1626 nihil
1143 1569 1235 1626 hians.

233 1643 313 1705 lea
322 1647 430 1705 horum
442 1661 511 1703 vere
522 1643 714 1716 dilaudari⁸⁵)‚
726 1645 789 1716 quis
800 1645 907 1717 neget?
919 1644 955 1702 de
964 1644 1095 1717 Odyssea
1104 1646 1236 1718 maxime,
1250 1661 1288 1701 na

235 1724 307 1781 cuius
332 1721 516 1784 admirabilis
530 1737 640 1780 summa
656 1727 686 1780 et
699 1737 853 1795 compages
867 1738 920 1794 pro
934 1722 1164 1794 praeclarissimo
1178 1738 1237 1780 mc·

233 1806 366 1859 numento
382 1798 490 1858 Graeci
509 1799 618 1871 ingenii
637 1798 773 1857 habenda
792 1805 844 1856 est.
874 1799 949 1856 Nam
963 1799 993 1855 in
1006 1798 1098 1856 iliade
1111 1797 1237 1857 nondum

234 1875 365 1949 deposita
377 1881 446 1935 sunt
459 1877 618 1934 certamina
632 1876 758 1934 virorum
770 1876 920 1934 doctorum
934 1875 971 1933 de
985 1892 1082 1934 rerum
1096 1876 1192 1948 capite
1207 1880 1238 1934 et

234 1958 403 2026 argumento
423 1953 570 2026 primario.
604 1952 650 2010 De
672 1969 727 2024 quo
748 1959 894 2024 utcunque
914 1952 1134 2025 existimabitur,
1155 1957 1185 2011 et
1204 1957 1237 2010 ut

234 2046 330 2089 sensus
340 2025 554 2107 προεκθέσεως
563 2030 731 2101 longissime
745 2034 856 2102 pateat,
868 2031 987 2103 (quippe
1001 2030 1181 2089 suffecissent
1193 2030 1238 2087 illi

234 2107 341 2179 aliquot
359 2107 538 2180 proeliorum
558 2106 679 2165 absente
699 2106 813 2164 Achille
834 2105 976 2183 factorum
997 2107 1207 2181 descriptiones
1215 2110 1236 2178 t)

233 2199 377 2256 nunquam
389 2188 489 2242 tamen
502 2184 589 2242 certis
604 2184 783 2256 argumentis
798 2183 957 2257 docebitur,
977 2192 1088 2258 septem
1099 2186 1163 2244 illos
1174 2200 1237 2242 ver-

234 2277 276 2319 sns
299 2260 460 2333 quidquam
478 2260 556 2319 ultra
573 2261 743 2334 promittere
764 2277 849 2332 qnam
859 2261 957 2319 XVIII
970 2262 1150 2335 rhapsodias,
1180 2262 1237 2320 Re-

233 2336 327 2409 liquae
349 2354 409 2396 non
427 2339 501 2395 iram
517 2337 639 2395 Achillis
658 2338 689 2394 in
708 2336 954 2409 Agamemnonem
973 2344 1003 2396 et
1024 2339 1151 2398 Graecos
1172 2355 1237 2397 con-

233 2415 333 2486 tinent,
354 2413 409 2473 scd
428 2430 540 2486 novam,
561 2431 579 2473 a
598 2415 695 2487 priore
716 2415 802 2487 longe
822 2415 965 2473 diversam
986 2416 1158 2487 minimeque
1179 2416 1237 2472 illis

234 2507 360 2564 gravem,
381 2490 413 2549 id
433 2496 479 2550 cst
499 2486 561 2549 eius
581 2491 652 2562 Irae,
674 2507 759 2563 quam
780 2492 871 2550 solam
890 2493 940 2550 isti
960 2509 1060 2551 versus
1074 2493 1236 2564 designant,

234 2568 433 2642 appendicem.
466 2567 576 2640 Quodsi
594 2569 689 2627 omnia
704 2567 881 2627 Graecorum
900 2569 938 2628 ad
951 2569 1068 2629 Troiam
1082 2575 1165 2642 gesta
1178 2585 1237 2629 om·

298 2764 336 2842 ⁸⁵)
356 2761 488 2817 Continuo
507 2761 604 2816 falsum
622 2767 671 2831 est,
690 2763 763 2831 quod
774 2768 882 2830 poetam
894 2762 922 2815 in
934 2761 1019 2817 Iliade
1030 2763 1154 2817 universo
1166 2761 1237 2818 bello

232 2831 377 2886 artificiose
396 2845 475 2884 usum
492 2835 589 2898 putant
607 2831 642 2885 ad
660 2832 810 2885 ornandum
829 2837 857 2885 et
874 2831 1089 2900 amplificandum
1098 2846 1238 2900 argumen-

231 2906 289 2954 tum
309 2900 396 2953 suum.
430 2898 570 2978 Repetunt
587 2898 638 2953 hoc
657 2914 692 2952 ex
709 2905 774 2954 vett.
794 2899 989 2968 Grammaticis,
1008 2900 1035 2953 in
1052 2916 1093 2968 pr.
1110 2899 1236 2954 Eustath.

232 2985 257 3037 p.
270 2971 305 3037 7,
326 2968 374 3036 qui
391 2966 558 3034 ineptrssIma
576 2966 604 3020 in
621 2967 691 3021 hanc
709 2969 870 3021 sententiam
889 2967 976 3036 affert,
995 2969 1130 3022 contraria
1148 2969 1238 3035 etiam,

233 3037 281 3091 etsi
304 3036 358 3090 hoc
380 3051 435 3090 non
460 3035 575 3102 capitale
601 3035 683 3103 duco,
707 3037 879 3091 Aristoteleis
896 3037 924 3090 in
941 3038 1017 3091 Poet.
1035 3051 1058 3089 c.
1076 3041 1118 3090 23.
1152 3037 1237 3090 Immo

232 3105 270 3158 illi
287 3103 389 3172 partim
402 3119 456 3157 non
468 3103 580 3158 obscure
593 3103 752 3172 significant,
771 3111 857 3159 totum
870 3105 968 3159 bellurn
978 3105 1006 3157 in
1018 3104 1102 3158 Ibade
1115 3104 1237 3159 describi.

232 3175 257 3227 A
273 3173 375 3226 talibus
393 3171 529 3240 magnatus
547 3188 601 3227 non
617 3173 756 3239 profectus
774 3180 899 3227 neutrum
917 3174 945 3226 ln
963 3188 995 3226 ea
1011 3172 1144 3227 fieridata
1155 3188 1239 3253 opera

233 3241 371 3308 fatebitur,
389 3255 441 3294 nec
459 3240 539 3294 aliam
557 3246 643 3294 artem
656 3256 798 3309 apparere,
815 3241 868 3295 nisi
880 3257 948 3309 eam,
967 3257 1047 3310 quam
1056 3242 1237 3309 plureshrsto·

232 3309 279 3363 rici
320 3309 502 3376 uaesiverrmt,
520 3309 567 3377 qui
574 3308 672 3363 breves
679 3316 773 3377 partes
784 3310 913 3364 historiae
923 3311 1102 3378 singularibus
1111 3310 1238 3378 operibus

232 3326 367 3446 compqexi
385 3381 456 3440 aunt,
475 3377 518 3431 vel
536 3392 616 3446 quam
634 3377 727 3433 Cicero
745 3378 872 3447 Lucceio,
895 3386 1003 3448 sperato
1021 3394 1111 3432 rerum
1129 3394 1238 3431 suarum

233 3446 369 3514 scriptori,
388 3445 558 3500 commendat
569 3448 743 3512 festinationis
756 3465 844 3516 canan,
862 3464 969 3517 rogans,
987 3457 1015 3499 nt
1027 3448 1238 3499 acontinentibna

235 3516 286 3568 tatic
303 3517 417 3581 scriptis,
442 3515 470 3564 in
493 3516 584 3580 qnibnr
599 3525 752 3581 perpetuum
769 3534 856 3568 rernm
871 3527 1001 3585 pectorum
1024 3516 1152 3566 historiam
1170 3532 1236 3564 eom-

232 3584 362 3649 plecterc‘a,
381 3600 499 3635 secernas
517 3583 585 3634 banc
603 3585 679 3649 qnasi
693 3584 811 3644 fabulam
829 3602 918 3637 rernm
935 3593 1127 3647 eventorumque
1138 3590 1236 3632 nostro-

234 3670 301 3706 rum.
338 3649 470 3718 scriptori
494 3650 574 3704 huius
600 3651 707 3728 generis
731 3652 800 3707 adeo
825 3667 906 3721 saepe
924 3666 1036 3707 necesse
1054 3655 1109 3715 est,
1132 3645 1237 3701 finitum

232 3720 324 3774 orbem
344 3717 438 3788 egredi
457 3724 484 3772 et
500 3719 593 3786 priora
610 3723 739 3776 mtexere.
