<?xml version="1.0" encoding="UTF-8"?>
<!DOCTYPE html PUBLIC "-//W3C//DTD XHTML 1.0 Transitional//EN"
    "http://www.w3.org/TR/xhtml1/DTD/xhtml1-transitional.dtd">
<html xmlns="http://www.w3.org/1999/xhtml" xml:lang="en" lang="en">
 <head>
  <title>
</title>
<meta http-equiv="Content-Type" content="text/html;charset=utf-8" />
  <meta name='ocr-system' content='tesseract 3.04.00' />
  <meta name='ocr-capabilities' content='ocr_page ocr_carea ocr_par ocr_line ocrx_word'/>
</head>
<body>
  <div class='ocr_page' id='page_1' title='image "./prolegomenaadho00wolfgoog/prolegomenaadho00wolfgoog_0078.png"; bbox 0 0 3034 4434; ppageno 0'>
   <div class='ocr_carea' id='block_1_1' title="bbox 738 540 1024 593">
    <p class='ocr_par' dir='ltr' id='par_1_1' title="bbox 738 540 1024 593">
     <span class='ocr_line' id='line_1_1' title="bbox 738 540 1024 593; baseline 0.017 -19"><span class='ocrx_word' id='word_1_1' title='bbox 738 540 1024 593; x_wconf 79' lang='lat' dir='ltr'>-5g-.</span> 
     </span>
    </p>
   </div>
   <div class='ocr_carea' id='block_1_2' title="bbox 327 685 1331 916">
    <p class='ocr_par' dir='ltr' id='par_1_2' title="bbox 327 685 1331 916">
     <span class='ocr_line' id='line_1_2' title="bbox 328 685 1330 760; baseline -0.001 -12"><span class='ocrx_word' id='word_1_2' title='bbox 328 688 463 748; x_wconf 85' lang='lat' dir='ltr'>scendum</span> <span class='ocrx_word' id='word_1_3' title='bbox 481 689 569 747; x_wconf 89' lang='lat' dir='ltr'>vitam</span> <span class='ocrx_word' id='word_1_4' title='bbox 583 685 698 757; x_wconf 79' lang='grc' dir='ltr'><em>ἀοιδῶν,</em></span> <span class='ocrx_word' id='word_1_5' title='bbox 717 692 818 760; x_wconf 85' lang='lat' dir='ltr'>utpote</span> <span class='ocrx_word' id='word_1_6' title='bbox 832 702 953 758; x_wconf 90' lang='lat' dir='ltr'>quorum</span> <span class='ocrx_word' id='word_1_7' title='bbox 968 687 1106 745; x_wconf 88' lang='lat' dir='ltr'>inlocum</span> <span class='ocrx_word' id='word_1_8' title='bbox 1126 687 1170 745; x_wconf 92' lang='lat' dir='ltr'>illi</span> <span class='ocrx_word' id='word_1_9' title='bbox 1185 705 1330 747; x_wconf 89' lang='lat' dir='ltr'>successe·</span> 
     </span>
     <span class='ocr_line' id='line_1_3' title="bbox 327 763 1329 839; baseline 0 -14"><span class='ocrx_word' id='word_1_10' title='bbox 327 773 403 839; x_wconf 87' lang='lat' dir='ltr'>runt,</span> <span class='ocrx_word' id='word_1_11' title='bbox 423 782 517 839; x_wconf 90' lang='lat' dir='ltr'>pauca</span> <span class='ocrx_word' id='word_1_12' title='bbox 529 765 611 824; x_wconf 92' lang='lat' dir='ltr'>nobis</span> <span class='ocrx_word' id='word_1_13' title='bbox 625 764 662 823; x_wconf 92' lang='lat' dir='ltr'>de</span> <span class='ocrx_word' id='word_1_14' title='bbox 675 765 781 837; x_wconf 84' lang='lat' dir='ltr'>insigni</span> <span class='ocrx_word' id='word_1_15' title='bbox 795 764 896 823; x_wconf 85' lang='lat' dir='ltr'>ordine</span> <span class='ocrx_word' id='word_1_16' title='bbox 912 763 1037 822; x_wconf 90' lang='lat' dir='ltr'>dicenda</span> <span class='ocrx_word' id='word_1_17' title='bbox 1052 770 1126 837; x_wconf 92' lang='lat' dir='ltr'>sunt,</span> <span class='ocrx_word' id='word_1_18' title='bbox 1148 767 1329 838; x_wconf 84' lang='lat' dir='ltr'>maximeque</span> 
     </span>
     <span class='ocr_line' id='line_1_4' title="bbox 328 841 1331 916; baseline -0.004 -14"><span class='ocrx_word' id='word_1_19' title='bbox 328 861 372 916; x_wconf 91' lang='lat' dir='ltr'>ea,</span> <span class='ocrx_word' id='word_1_20' title='bbox 388 843 423 902; x_wconf 92' lang='lat' dir='ltr'>de</span> <span class='ocrx_word' id='word_1_21' title='bbox 438 843 540 915; x_wconf 92' lang='lat' dir='ltr'>quibus</span> <span class='ocrx_word' id='word_1_22' title='bbox 555 842 608 900; x_wconf 88' lang='lat' dir='ltr'>viri</span> <span class='ocrx_word' id='word_1_23' title='bbox 622 841 701 901; x_wconf 90' lang='lat' dir='ltr'>docti</span> <span class='ocrx_word' id='word_1_24' title='bbox 715 842 809 900; x_wconf 90' lang='lat' dir='ltr'>adhuc</span> <span class='ocrx_word' id='word_1_25' title='bbox 822 843 915 899; x_wconf 91' lang='lat' dir='ltr'>minus</span> <span class='ocrx_word' id='word_1_26' title='bbox 931 842 1066 901; x_wconf 83' lang='lat' dir='ltr'>sollerter</span> <span class='ocrx_word' id='word_1_27' title='bbox 1076 843 1280 902; x_wconf 85' lang='lat' dir='ltr'>existimarunt</span> <span class='ocrx_word' id='word_1_28' title='bbox 1286 843 1331 915; x_wconf 81' lang='lat'><strong>⁶⁰).</strong></span> 
     </span>
    </p>
   </div>
   <div class='ocr_carea' id='block_1_3' title="bbox 756 1003 902 1078">
    <p class='ocr_par' dir='ltr' id='par_1_3' title="bbox 756 1003 902 1078">
     <span class='ocr_line' id='line_1_5' title="bbox 756 1003 902 1078; baseline -0.007 0"><span class='ocrx_word' id='word_1_29' title='bbox 756 1003 902 1078; x_wconf 80' lang='lat' dir='ltr'><strong>XXIII.</strong></span> 
     </span>
    </p>
   </div>
   <div class='ocr_carea' id='block_1_4' title="bbox 289 1152 1335 1937">
    <p class='ocr_par' dir='ltr' id='par_1_4' title="bbox 289 1152 1335 1937">
     <span class='ocr_line' id='line_1_6' title="bbox 289 1152 1333 1225; baseline 0 -14"><span class='ocrx_word' id='word_1_30' title='bbox 289 1162 322 1218; x_wconf 28' lang='lat'>96,</span> <span class='ocrx_word' id='word_1_31' title='bbox 404 1152 479 1211; x_wconf 90' lang='lat' dir='ltr'>Nam</span> <span class='ocrx_word' id='word_1_32' title='bbox 500 1168 535 1210; x_wconf 88' lang='lat' dir='ltr'>ex</span> <span class='ocrx_word' id='word_1_33' title='bbox 554 1152 600 1224; x_wconf 85' lang='lat' dir='ltr'>iis,</span> <span class='ocrx_word' id='word_1_34' title='bbox 621 1167 695 1223; x_wconf 90' lang='lat' dir='ltr'>quae</span> <span class='ocrx_word' id='word_1_35' title='bbox 716 1152 888 1211; x_wconf 85' lang='lat' dir='ltr'>aSalmasio</span> <span class='ocrx_word' id='word_1_36' title='bbox 910 1159 941 1210; x_wconf 92' lang='lat' dir='ltr'>et</span> <span class='ocrx_word' id='word_1_37' title='bbox 960 1152 1023 1210; x_wconf 89' lang='lat' dir='ltr'>aliis</span> <span class='ocrx_word' id='word_1_38' title='bbox 1044 1152 1194 1225; x_wconf 89' lang='lat' dir='ltr'>disputata</span> <span class='ocrx_word' id='word_1_39' title='bbox 1216 1158 1284 1211; x_wconf 91' lang='lat' dir='ltr'>suut</span> <span class='ocrx_word' id='word_1_40' title='bbox 1297 1153 1333 1212; x_wconf 93' lang='lat' dir='ltr'>de</span> 
     </span>
     <span class='ocr_line' id='line_1_7' title="bbox 326 1229 1326 1303; baseline -0.002 -14"><span class='ocrx_word' id='word_1_41' title='bbox 326 1229 489 1303; x_wconf 89' lang='lat' dir='ltr'>rhapsodis,</span> <span class='ocrx_word' id='word_1_42' title='bbox 507 1245 565 1288; x_wconf 92' lang='lat' dir='ltr'>nou</span> <span class='ocrx_word' id='word_1_43' title='bbox 584 1229 766 1302; x_wconf 82' lang='lat' dir='ltr'>intelligitur,</span> <span class='ocrx_word' id='word_1_44' title='bbox 787 1245 886 1288; x_wconf 89' lang='lat' dir='ltr'>eorum</span> <span class='ocrx_word' id='word_1_45' title='bbox 905 1229 1085 1302; x_wconf 91' lang='lat' dir='ltr'>potissimum</span> <span class='ocrx_word' id='word_1_46' title='bbox 1106 1246 1194 1288; x_wconf 92' lang='lat' dir='ltr'>curae</span> <span class='ocrx_word' id='word_1_47' title='bbox 1216 1229 1326 1303; x_wconf 89' lang='lat' dir='ltr'>deberi,</span> 
     </span>
     <span class='ocr_line' id='line_1_8' title="bbox 327 1305 1329 1380; baseline 0.002 -16"><span class='ocrx_word' id='word_1_48' title='bbox 327 1307 404 1380; x_wconf 93' lang='lat' dir='ltr'>quod</span> <span class='ocrx_word' id='word_1_49' title='bbox 418 1307 505 1364; x_wconf 89' lang='lat' dir='ltr'>etiam</span> <span class='ocrx_word' id='word_1_50' title='bbox 518 1322 593 1364; x_wconf 92' lang='lat' dir='ltr'>nunc</span> <span class='ocrx_word' id='word_1_51' title='bbox 605 1305 761 1365; x_wconf 87' lang='lat' dir='ltr'>Homerica</span> <span class='ocrx_word' id='word_1_52' title='bbox 774 1312 940 1379; x_wconf 76' lang='lat' dir='ltr'>tractamur,</span> <span class='ocrx_word' id='word_1_53' title='bbox 963 1312 1083 1378; x_wconf 88' lang='lat' dir='ltr'>arteque</span> <span class='ocrx_word' id='word_1_54' title='bbox 1094 1306 1272 1380; x_wconf 86' lang='lat' dir='ltr'>rhapsodica</span> <span class='ocrx_word' id='word_1_55' title='bbox 1283 1324 1329 1366; x_wconf 90' lang='lat' dir='ltr'>ac·</span> 
     </span>
     <span class='ocr_line' id='line_1_9' title="bbox 326 1383 1331 1456; baseline 0 -13"><span class='ocrx_word' id='word_1_56' title='bbox 326 1385 399 1444; x_wconf 92' lang='lat' dir='ltr'>tioui</span> <span class='ocrx_word' id='word_1_57' title='bbox 413 1383 589 1442; x_wconf 83' lang='lat' dir='ltr'>Graecorum</span> <span class='ocrx_word' id='word_1_58' title='bbox 602 1384 687 1456; x_wconf 91' lang='lat' dir='ltr'>omui,</span> <span class='ocrx_word' id='word_1_59' title='bbox 702 1390 732 1442; x_wconf 91' lang='lat' dir='ltr'>et</span> <span class='ocrx_word' id='word_1_60' title='bbox 744 1385 876 1442; x_wconf 85' lang='grc'><strong>11111111</strong></span> <span class='ocrx_word' id='word_1_61' title='bbox 892 1390 922 1442; x_wconf 90' lang='grc'>11</span> <span class='ocrx_word' id='word_1_62' title='bbox 935 1385 1089 1456; x_wconf 86' lang='lat' dir='ltr'>oratoriae,</span> <span class='ocrx_word' id='word_1_63' title='bbox 1105 1385 1181 1442; x_wconf 85' lang='lat' dir='ltr'>viem</span> <span class='ocrx_word' id='word_1_64' title='bbox 1190 1386 1331 1443; x_wconf 89' lang='lat' dir='ltr'>munitam</span> 
     </span>
     <span class='ocr_line' id='line_1_10' title="bbox 328 1460 1333 1535; baseline -0.001 -14"><span class='ocrx_word' id='word_1_65' title='bbox 328 1461 448 1532; x_wconf 76' lang='lat' dir='ltr'>esse⁶¹):</span> <span class='ocrx_word' id='word_1_66' title='bbox 475 1460 641 1533; x_wconf 84' lang='grc'><strong>1111111111,</strong></span> <span class='ocrx_word' id='word_1_67' title='bbox 662 1478 733 1532; x_wconf 93' lang='lat' dir='ltr'>quos</span> <span class='ocrx_word' id='word_1_68' title='bbox 751 1462 894 1532; x_wconf 83' lang='lat' dir='ltr'>insignem</span> <span class='ocrx_word' id='word_1_69' title='bbox 915 1461 1045 1519; x_wconf 89' lang='lat' dir='ltr'>ordinem</span> <span class='ocrx_word' id='word_1_70' title='bbox 1067 1462 1192 1535; x_wconf 91' lang='lat' dir='ltr'>appello,</span> <span class='ocrx_word' id='word_1_71' title='bbox 1220 1479 1274 1535; x_wconf 91' lang='lat' dir='ltr'>pro</span> <span class='ocrx_word' id='word_1_72' title='bbox 1293 1463 1333 1520; x_wconf 93' lang='grc'>11-</span> 
     </span>
     <span class='ocr_line' id='line_1_11' title="bbox 326 1537 1332 1599; baseline 0 -2"><span class='ocrx_word' id='word_1_73' title='bbox 326 1539 449 1597; x_wconf 81' lang='lat' dir='ltr'>uissimis</span> <span class='ocrx_word' id='word_1_74' title='bbox 469 1537 629 1598; x_wconf 90' lang='lat' dir='ltr'>hominibus</span> <span class='ocrx_word' id='word_1_75' title='bbox 650 1537 799 1597; x_wconf 89' lang='lat' dir='ltr'>habendos</span> <span class='ocrx_word' id='word_1_76' title='bbox 818 1539 901 1596; x_wconf 93' lang='lat' dir='ltr'>multi</span> <span class='ocrx_word' id='word_1_77' title='bbox 922 1538 1085 1597; x_wconf 89' lang='lat' dir='ltr'>docuerunt</span> <span class='ocrx_word' id='word_1_78' title='bbox 1105 1555 1140 1596; x_wconf 85' lang='lat' dir='ltr'>ex</span> <span class='ocrx_word' id='word_1_79' title='bbox 1152 1538 1278 1599; x_wconf 87' lang='lat' dir='ltr'>Platone</span> <span class='ocrx_word' id='word_1_80' title='bbox 1303 1544 1332 1597; x_wconf 93' lang='lat' dir='ltr'>et</span> 
     </span>
     <span class='ocr_line' id='line_1_12' title="bbox 326 1615 1334 1689; baseline -0.001 -14"><span class='ocrx_word' id='word_1_81' title='bbox 326 1615 527 1689; x_wconf 86' lang='lat' dir='ltr'>Xenophonte.</span> <span class='ocrx_word' id='word_1_82' title='bbox 567 1615 625 1674; x_wconf 85' lang='lat' dir='ltr'>Sed</span> <span class='ocrx_word' id='word_1_83' title='bbox 649 1616 696 1673; x_wconf 91' lang='lat' dir='ltr'>hic</span> <span class='ocrx_word' id='word_1_84' title='bbox 720 1616 829 1689; x_wconf 87' lang='lat' dir='ltr'>primus</span> <span class='ocrx_word' id='word_1_85' title='bbox 855 1622 956 1673; x_wconf 91' lang='lat' dir='ltr'>estex</span> <span class='ocrx_word' id='word_1_86' title='bbox 976 1615 1070 1674; x_wconf 89' lang='lat' dir='ltr'>tribus</span> <span class='ocrx_word' id='word_1_87' title='bbox 1092 1616 1256 1688; x_wconf 86' lang='lat' dir='ltr'>erroribus,</span> <span class='ocrx_word' id='word_1_88' title='bbox 1285 1618 1334 1688; x_wconf 93' lang='lat' dir='ltr'>qui</span> 
     </span>
     <span class='ocr_line' id='line_1_13' title="bbox 327 1692 1335 1766; baseline 0 -13"><span class='ocrx_word' id='word_1_89' title='bbox 327 1694 412 1753; x_wconf 90' lang='lat' dir='ltr'>huius</span> <span class='ocrx_word' id='word_1_90' title='bbox 426 1693 470 1751; x_wconf 92' lang='lat' dir='ltr'>rei</span> <span class='ocrx_word' id='word_1_91' title='bbox 480 1693 632 1751; x_wconf 89' lang='lat' dir='ltr'>veritatem</span> <span class='ocrx_word' id='word_1_92' title='bbox 642 1698 820 1764; x_wconf 82' lang='lat' dir='ltr'>pervertunt,</span> <span class='ocrx_word' id='word_1_93' title='bbox 836 1692 912 1764; x_wconf 93' lang='lat' dir='ltr'>quod</span> <span class='ocrx_word' id='word_1_94' title='bbox 922 1693 1036 1766; x_wconf 87' lang='lat' dir='ltr'>priscae</span> <span class='ocrx_word' id='word_1_95' title='bbox 1046 1694 1123 1750; x_wconf 90' lang='lat' dir='ltr'>illius</span> <span class='ocrx_word' id='word_1_96' title='bbox 1133 1699 1222 1765; x_wconf 90' lang='lat' dir='ltr'>atque</span> <span class='ocrx_word' id='word_1_97' title='bbox 1233 1693 1335 1753; x_wconf 84' lang='lat' dir='ltr'>Socra·</span> 
     </span>
     <span class='ocr_line' id='line_1_14' title="bbox 325 1768 1331 1831; baseline -0.001 -1"><span class='ocrx_word' id='word_1_98' title='bbox 325 1772 402 1831; x_wconf 90' lang='lat' dir='ltr'>ticae</span> <span class='ocrx_word' id='word_1_99' title='bbox 427 1771 533 1828; x_wconf 89' lang='lat' dir='ltr'>aetatis</span> <span class='ocrx_word' id='word_1_100' title='bbox 556 1770 684 1828; x_wconf 91' lang='lat' dir='ltr'>rationes</span> <span class='ocrx_word' id='word_1_101' title='bbox 705 1768 925 1829; x_wconf 87' lang='lat' dir='ltr'>confunduntur.</span> <span class='ocrx_word' id='word_1_102' title='bbox 970 1771 1103 1828; x_wconf 90' lang='lat' dir='ltr'>Alterum</span> <span class='ocrx_word' id='word_1_103' title='bbox 1124 1785 1255 1829; x_wconf 90' lang='lat' dir='ltr'>errorem</span> <span class='ocrx_word' id='word_1_104' title='bbox 1273 1772 1331 1829; x_wconf 90' lang='lat' dir='ltr'>iam</span> 
     </span>
     <span class='ocr_line' id='line_1_15' title="bbox 326 1844 1333 1937; baseline -0.001 -32"><span class='ocrx_word' id='word_1_105' title='bbox 326 1848 470 1906; x_wconf 88' lang='lat' dir='ltr'>sublatum</span> <span class='ocrx_word' id='word_1_106' title='bbox 489 1851 573 1920; x_wconf 89' lang='lat' dir='ltr'>puto,</span> <span class='ocrx_word' id='word_1_107' title='bbox 600 1863 655 1917; x_wconf 91' lang='lat' dir='ltr'>quo</span> <span class='ocrx_word' id='word_1_108' title='bbox 677 1861 712 1904; x_wconf 86' lang='lat' dir='ltr'>ex</span> <span class='ocrx_word' id='word_1_109' title='bbox 731 1845 805 1905; x_wconf 88' lang='lat' dir='ltr'>falsa</span> <span class='ocrx_word' id='word_1_110' title='bbox 824 1848 972 1906; x_wconf 91' lang='lat' dir='ltr'>notatione</span> <span class='ocrx_word' id='word_1_111' title='bbox 995 1848 1121 1906; x_wconf 91' lang='lat' dir='ltr'>nominis</span> <span class='ocrx_word' id='word_1_112' title='bbox 1143 1844 1333 1937; x_wconf 65' lang='grc' dir='ltr'><em>ῥαψῳδοῶθῖ)</em></span> 
     </span>
    </p>
   </div>
   <div class='ocr_carea' id='block_1_5' title="bbox 271 2023 1328 2230">
    <p class='ocr_par' dir='ltr' id='par_1_5' title="bbox 271 2023 1328 2230">
     <span class='ocr_line' id='line_1_16' title="bbox 395 2023 1328 2145; baseline 0.003 -68"><span class='ocrx_word' id='word_1_113' title='bbox 395 2026 431 2091; x_wconf 77' lang='grc'>60)</span> <span class='ocrx_word' id='word_1_114' title='bbox 448 2024 555 2092; x_wconf 89' lang='lat' dir='ltr'>Optime</span> <span class='ocrx_word' id='word_1_115' title='bbox 574 2023 607 2076; x_wconf 87' lang='lat' dir='ltr'>de</span> <span class='ocrx_word' id='word_1_116' title='bbox 624 2023 657 2077; x_wconf 89' lang='lat' dir='ltr'>iis</span> <span class='ocrx_word' id='word_1_117' title='bbox 670 2029 787 2145; x_wconf 58' lang='lat' dir='ltr'>1⁴putatur</span> <span class='ocrx_word' id='word_1_118' title='bbox 804 2025 942 2094; x_wconf 80' lang='lat' dir='ltr'>scripsisse</span> <span class='ocrx_word' id='word_1_119' title='bbox 960 2025 986 2079; x_wconf 89' lang='lat' dir='ltr'>S.</span> <span class='ocrx_word' id='word_1_120' title='bbox 1005 2026 1035 2080; x_wconf 84' lang='lat' dir='ltr'>F.</span> <span class='ocrx_word' id='word_1_121' title='bbox 1054 2025 1196 2094; x_wconf 87' lang='lat' dir='ltr'>Dresigius</span> <span class='ocrx_word' id='word_1_122' title='bbox 1213 2027 1328 2082; x_wconf 80' lang='lat' dir='ltr'>incom-</span> 
     </span>
     <span class='ocr_line' id='line_1_17' title="bbox 326 2092 1328 2165; baseline 0 -17"><span class='ocrx_word' id='word_1_123' title='bbox 326 2098 407 2148; x_wconf 86' lang='lat' dir='ltr'>meut.</span> <span class='ocrx_word' id='word_1_124' title='bbox 425 2092 500 2160; x_wconf 81' lang='lat' dir='ltr'>Llps.</span> <span class='ocrx_word' id='word_1_125' title='bbox 520 2095 593 2148; x_wconf 82' lang='lat'><strong>1734.</strong></span> <span class='ocrx_word' id='word_1_126' title='bbox 611 2097 635 2146; x_wconf 91' lang='grc'>4.</span> <span class='ocrx_word' id='word_1_127' title='bbox 697 2099 708 2145; x_wconf 92' lang='lat' dir='ltr'>t</span> <span class='ocrx_word' id='word_1_128' title='bbox 730 2108 800 2161; x_wconf 91' lang='lat' dir='ltr'>quae</span> <span class='ocrx_word' id='word_1_129' title='bbox 828 2094 935 2162; x_wconf 91' lang='lat' dir='ltr'>quidem</span> <span class='ocrx_word' id='word_1_130' title='bbox 959 2110 1041 2148; x_wconf 87' lang='lat' dir='ltr'>manu</span> <span class='ocrx_word' id='word_1_131' title='bbox 1065 2095 1174 2163; x_wconf 84' lang='lat' dir='ltr'>congeri</span> <span class='ocrx_word' id='word_1_132' title='bbox 1191 2101 1328 2165; x_wconf 84' lang='lat' dir='ltr'>poterant,</span> 
     </span>
     <span class='ocr_line' id='line_1_18' title="bbox 271 2160 1326 2230; baseline 0.001 -14"><span class='ocrx_word' id='word_1_133' title='bbox 271 2192 277 2201; x_wconf 35' lang='grc' dir='ltr'><strong>κ</strong></span> <span class='ocrx_word' id='word_1_134' title='bbox 326 2162 461 2230; x_wconf 88' lang='lat' dir='ltr'>congessit</span> <span class='ocrx_word' id='word_1_135' title='bbox 483 2161 528 2215; x_wconf 92' lang='lat' dir='ltr'>ille</span> <span class='ocrx_word' id='word_1_136' title='bbox 551 2160 680 2229; x_wconf 87' lang='lat' dir='ltr'>pleraque</span> <span class='ocrx_word' id='word_1_137' title='bbox 704 2162 807 2230; x_wconf 80' lang='lat' dir='ltr'>omnia3</span> <span class='ocrx_word' id='word_1_138' title='bbox 831 2163 880 2217; x_wconf 91' lang='lat' dir='ltr'>sed</span> <span class='ocrx_word' id='word_1_139' title='bbox 896 2163 1027 2217; x_wconf 90' lang='lat' dir='ltr'>iudicium</span> <span class='ocrx_word' id='word_1_140' title='bbox 1044 2178 1134 2217; x_wconf 89' lang='lat' dir='ltr'>rerum</span> <span class='ocrx_word' id='word_1_141' title='bbox 1151 2163 1249 2217; x_wconf 87' lang='lat' dir='ltr'>lectori</span> <span class='ocrx_word' id='word_1_142' title='bbox 1265 2165 1326 2218; x_wconf 89' lang='lat' dir='ltr'>reli-</span> 
     </span>
    </p>
   </div>
   <div class='ocr_carea' id='block_1_6' title="bbox 326 2229 1326 2355">
    <p class='ocr_par' dir='ltr' id='par_1_6' title="bbox 326 2229 1326 2355">
     <span class='ocr_line' id='line_1_19' title="bbox 326 2229 1326 2355; baseline 0 -70"><span class='ocrx_word' id='word_1_143' title='bbox 326 2229 551 2355; x_wconf 25' lang='lat' dir='ltr'>IIII‘IIIWVIQ</span> <span class='ocrx_word' id='word_1_144' title='bbox 569 2229 687 2298; x_wconf 87' lang='lat' dir='ltr'>quaerit,</span> <span class='ocrx_word' id='word_1_145' title='bbox 713 2230 794 2284; x_wconf 89' lang='lat' dir='ltr'>adeat</span> <span class='ocrx_word' id='word_1_146' title='bbox 812 2230 906 2285; x_wconf 87' lang='lat' dir='ltr'>saltem</span> <span class='ocrx_word' id='word_1_147' title='bbox 927 2231 1021 2286; x_wconf 86' lang='lat' dir='ltr'>Gillies</span> <span class='ocrx_word' id='word_1_148' title='bbox 1037 2231 1150 2301; x_wconf 81' lang='lat' dir='ltr'>History</span> <span class='ocrx_word' id='word_1_149' title='bbox 1167 2231 1199 2285; x_wconf 84' lang='lat' dir='ltr'>oi</span> <span class='ocrx_word' id='word_1_150' title='bbox 1214 2232 1326 2287; x_wconf 87' lang='lat' dir='ltr'>Greece.</span> 
     </span>
    </p>
   </div>
   <div class='ocr_carea' id='block_1_7' title="bbox 325 2385 1334 2866">
    <p class='ocr_par' dir='ltr' id='par_1_7' title="bbox 325 2385 1334 2866">
     <span class='ocr_line' id='line_1_20' title="bbox 394 2385 1322 2456; baseline 0.001 -17"><span class='ocrx_word' id='word_1_151' title='bbox 394 2387 429 2453; x_wconf 81' lang='lat'>⁶1)</span> <span class='ocrx_word' id='word_1_152' title='bbox 447 2385 513 2439; x_wconf 93' lang='lat' dir='ltr'>Inde</span> <span class='ocrx_word' id='word_1_153' title='bbox 538 2386 732 2456; x_wconf 72' lang='grc' dir='ltr'><em>ὑποκρίνεσθαι</em></span> <span class='ocrx_word' id='word_1_154' title='bbox 750 2401 831 2454; x_wconf 86' lang='lat' dir='ltr'>saepe</span> <span class='ocrx_word' id='word_1_155' title='bbox 850 2385 948 2440; x_wconf 89' lang='lat' dir='ltr'>dicitur</span> <span class='ocrx_word' id='word_1_156' title='bbox 965 2386 999 2440; x_wconf 93' lang='lat' dir='ltr'>de</span> <span class='ocrx_word' id='word_1_157' title='bbox 1017 2392 1100 2440; x_wconf 84' lang='lat' dir='ltr'>cantu</span> <span class='ocrx_word' id='word_1_158' title='bbox 1116 2385 1322 2454; x_wconf 77' lang='lat' dir='ltr'>rhapsodorum</span> 
     </span>
     <span class='ocr_line' id='line_1_21' title="bbox 326 2454 1323 2524; baseline 0 -15"><span class='ocrx_word' id='word_1_159' title='bbox 326 2455 431 2524; x_wconf 88' lang='lat' dir='ltr'>ipsique</span> <span class='ocrx_word' id='word_1_160' title='bbox 450 2454 586 2523; x_wconf 77' lang='grc' dir='ltr'><em>ὑποκριταὶ</em></span> <span class='ocrx_word' id='word_1_161' title='bbox 605 2457 679 2507; x_wconf 79' lang='grc' dir='ltr'><em>ἐπῶν</em></span> <span class='ocrx_word' id='word_1_162' title='bbox 697 2462 829 2508; x_wconf 83' lang='grc'><strong>11111111</strong></span> <span class='ocrx_word' id='word_1_163' title='bbox 845 2460 902 2508; x_wconf 92' lang='lat' dir='ltr'>tum</span> <span class='ocrx_word' id='word_1_164' title='bbox 920 2454 1168 2523; x_wconf 84' lang='lat' dir='ltr'>aLexicographis,</span> <span class='ocrx_word' id='word_1_165' title='bbox 1185 2454 1323 2523; x_wconf 84' lang='lat' dir='ltr'>Hesychio</span> 
     </span>
     <span class='ocr_line' id='line_1_22' title="bbox 326 2522 1323 2592; baseline 0 -14"><span class='ocrx_word' id='word_1_166' title='bbox 326 2530 354 2578; x_wconf 88' lang='lat' dir='ltr'>et</span> <span class='ocrx_word' id='word_1_167' title='bbox 372 2524 490 2592; x_wconf 87' lang='lat' dir='ltr'>Timaeo,</span> <span class='ocrx_word' id='word_1_168' title='bbox 507 2530 564 2578; x_wconf 91' lang='lat' dir='ltr'>tum</span> <span class='ocrx_word' id='word_1_169' title='bbox 581 2539 598 2577; x_wconf 96' lang='grc'>1</span> <span class='ocrx_word' id='word_1_170' title='bbox 614 2522 724 2578; x_wconf 90' lang='lat' dir='ltr'>Diodor.</span> <span class='ocrx_word' id='word_1_171' title='bbox 742 2522 793 2577; x_wconf 83' lang='lat' dir='ltr'>SIc.</span> <span class='ocrx_word' id='word_1_172' title='bbox 812 2522 884 2592; x_wconf 85' lang='lat' dir='ltr'><strong>XIV,</strong></span> <span class='ocrx_word' id='word_1_173' title='bbox 905 2527 962 2579; x_wconf 84' lang='lat'>109.</span> <span class='ocrx_word' id='word_1_174' title='bbox 980 2522 1039 2591; x_wconf 89' lang='lat' dir='ltr'>XV,</span> <span class='ocrx_word' id='word_1_175' title='bbox 1057 2527 1081 2578; x_wconf 81' lang='lat'>7.</span> <span class='ocrx_word' id='word_1_176' title='bbox 1109 2522 1212 2576; x_wconf 77' lang='lat' dir='ltr'>vPlures</span> <span class='ocrx_word' id='word_1_177' title='bbox 1229 2530 1323 2578; x_wconf 86' lang='lat' dir='ltr'>autem</span> 
     </span>
     <span class='ocr_line' id='line_1_23' title="bbox 325 2589 1332 2665; baseline 0 -19"><span class='ocrx_word' id='word_1_178' title='bbox 325 2594 475 2665; x_wconf 74' lang='grc' dir='ltr'><em>ῥαψῳδοὺς</em></span> <span class='ocrx_word' id='word_1_179' title='bbox 492 2598 520 2646; x_wconf 87' lang='grc'>11</span> <span class='ocrx_word' id='word_1_180' title='bbox 539 2593 691 2661; x_wconf 81' lang='grc' dir='ltr'><em>ὑποκριτάς,</em></span> <span class='ocrx_word' id='word_1_181' title='bbox 706 2589 850 2664; x_wconf 75' lang='grc' dir='ltr'><em>ῥαψῳδίαν</em></span> <span class='ocrx_word' id='word_1_182' title='bbox 870 2599 898 2646; x_wconf 89' lang='grc'>11</span> <span class='ocrx_word' id='word_1_183' title='bbox 917 2591 1067 2660; x_wconf 82' lang='grc' dir='ltr'><em>ὑπόκρισιν,</em></span> <span class='ocrx_word' id='word_1_184' title='bbox 1086 2598 1117 2645; x_wconf 89' lang='lat' dir='ltr'>ut</span> <span class='ocrx_word' id='word_1_185' title='bbox 1135 2591 1253 2661; x_wconf 78' lang='lat' dir='ltr'>diversa,</span> <span class='ocrx_word' id='word_1_186' title='bbox 1285 2608 1332 2660; x_wconf 87' lang='lat' dir='ltr'>po·</span> 
     </span>
     <span class='ocr_line' id='line_1_24' title="bbox 326 2660 1332 2731; baseline 0 -16"><span class='ocrx_word' id='word_1_187' title='bbox 326 2668 401 2729; x_wconf 92' lang='lat' dir='ltr'>nunt,</span> <span class='ocrx_word' id='word_1_188' title='bbox 420 2677 470 2716; x_wconf 94' lang='lat' dir='ltr'>usu</span> <span class='ocrx_word' id='word_1_189' title='bbox 487 2661 573 2728; x_wconf 88' lang='lat' dir='ltr'>magis</span> <span class='ocrx_word' id='word_1_190' title='bbox 594 2662 712 2729; x_wconf 84' lang='lat' dir='ltr'>proprio.</span> <span class='ocrx_word' id='word_1_191' title='bbox 753 2661 865 2728; x_wconf 88' lang='lat' dir='ltr'>Proprie</span> <span class='ocrx_word' id='word_1_192' title='bbox 885 2662 956 2714; x_wconf 92' lang='lat' dir='ltr'>euim</span> <span class='ocrx_word' id='word_1_193' title='bbox 974 2662 1005 2712; x_wconf 83' lang='grc' dir='ltr'>τὸ</span> <span class='ocrx_word' id='word_1_194' title='bbox 1022 2662 1164 2731; x_wconf 76' lang='grc' dir='ltr'><em>ῥαψῳδεῖν</em></span> <span class='ocrx_word' id='word_1_195' title='bbox 1183 2660 1332 2714; x_wconf 87' lang='lat' dir='ltr'>adomnia</span> 
     </span>
     <span class='ocr_line' id='line_1_25' title="bbox 327 2729 1334 2798; baseline 0.001 -16"><span class='ocrx_word' id='word_1_196' title='bbox 327 2745 428 2798; x_wconf 85' lang='lat' dir='ltr'>genera</span> <span class='ocrx_word' id='word_1_197' title='bbox 445 2729 597 2783; x_wconf 83' lang='lat' dir='ltr'>Garmiuum</span> <span class='ocrx_word' id='word_1_198' title='bbox 614 2730 753 2798; x_wconf 90' lang='lat' dir='ltr'>pertinuit,</span> <span class='ocrx_word' id='word_1_199' title='bbox 772 2745 789 2783; x_wconf 88' lang='lat' dir='ltr'>a</span> <span class='ocrx_word' id='word_1_200' title='bbox 807 2729 903 2798; x_wconf 88' lang='lat' dir='ltr'>quibus</span> <span class='ocrx_word' id='word_1_201' title='bbox 920 2745 986 2784; x_wconf 86' lang='lat' dir='ltr'>vera</span> <span class='ocrx_word' id='word_1_202' title='bbox 1003 2730 1073 2784; x_wconf 88' lang='lat' dir='ltr'>actio</span> <span class='ocrx_word' id='word_1_203' title='bbox 1092 2729 1206 2796; x_wconf 77' lang='lat' dir='ltr'>abesset,</span> <span class='ocrx_word' id='word_1_204' title='bbox 1226 2729 1244 2782; x_wconf 89' lang='lat' dir='ltr'>i.</span> <span class='ocrx_word' id='word_1_205' title='bbox 1258 2745 1281 2783; x_wconf 91' lang='grc'>1.</span> <span class='ocrx_word' id='word_1_206' title='bbox 1301 2744 1334 2783; x_wconf 89' lang='lat' dir='ltr'>ea</span> 
     </span>
     <span class='ocr_line' id='line_1_26' title="bbox 328 2797 690 2866; baseline -0.003 -15"><span class='ocrx_word' id='word_1_207' title='bbox 328 2813 382 2866; x_wconf 86' lang='lat' dir='ltr'>qua</span> <span class='ocrx_word' id='word_1_208' title='bbox 399 2797 481 2851; x_wconf 86' lang='lat' dir='ltr'>etiam</span> <span class='ocrx_word' id='word_1_209' title='bbox 498 2803 590 2853; x_wconf 87' lang='lat' dir='ltr'>orator</span> <span class='ocrx_word' id='word_1_210' title='bbox 607 2805 690 2853; x_wconf 88' lang='lat' dir='ltr'>caret.</span> 
     </span>
    </p>
   </div>
   <div class='ocr_carea' id='block_1_8' title="bbox 327 2879 1333 3844">
    <p class='ocr_par' dir='ltr' id='par_1_8' title="bbox 327 2879 1333 3844">
     <span class='ocr_line' id='line_1_27' title="bbox 413 2879 1326 2953; baseline 0.007 -20"><span class='ocrx_word' id='word_1_211' title='bbox 413 2882 448 2952; x_wconf 74' lang='lat'>62)</span> <span class='ocrx_word' id='word_1_212' title='bbox 474 2879 555 2952; x_wconf 78' lang='grc' dir='ltr'><em>Παρὰ</em></span> <span class='ocrx_word' id='word_1_213' title='bbox 578 2885 610 2935; x_wconf 89' lang='grc' dir='ltr'>τὸ</span> <span class='ocrx_word' id='word_1_214' title='bbox 627 2884 742 2953; x_wconf 83' lang='grc' dir='ltr'><em>ῥάπτειν</em></span> <span class='ocrx_word' id='word_1_215' title='bbox 762 2882 844 2953; x_wconf 52' lang='lat' dir='ltr'>aiffa,</span> <span class='ocrx_word' id='word_1_216' title='bbox 862 2902 982 2937; x_wconf 77' lang='lat' dir='ltr'>consuere</span> <span class='ocrx_word' id='word_1_217' title='bbox 1000 2901 1020 2938; x_wconf 93' lang='grc'>1.</span> <span class='ocrx_word' id='word_1_218' title='bbox 1039 2893 1186 2936; x_wconf 76' lang='lat' dir='ltr'>connectere</span> <span class='ocrx_word' id='word_1_219' title='bbox 1208 2883 1326 2939; x_wconf 79' lang='lat' dir='ltr'>Carmen.</span> 
     </span>
     <span class='ocr_line' id='line_1_28' title="bbox 328 2950 1329 3022; baseline 0.001 -19"><span class='ocrx_word' id='word_1_220' title='bbox 328 2951 403 3018; x_wconf 77' lang='lat' dir='ltr'>Quae</span> <span class='ocrx_word' id='word_1_221' title='bbox 422 2950 530 3019; x_wconf 90' lang='lat' dir='ltr'>quidem</span> <span class='ocrx_word' id='word_1_222' title='bbox 548 2967 611 3006; x_wconf 87' lang='lat' dir='ltr'>vera</span> <span class='ocrx_word' id='word_1_223' title='bbox 629 2958 671 3005; x_wconf 87' lang='lat' dir='ltr'>est</span> <span class='ocrx_word' id='word_1_224' title='bbox 688 2952 858 3020; x_wconf 83' lang='lat' dir='ltr'>etymologia,</span> <span class='ocrx_word' id='word_1_225' title='bbox 876 2952 924 3006; x_wconf 89' lang='lat' dir='ltr'>sed</span> <span class='ocrx_word' id='word_1_226' title='bbox 935 2968 970 3006; x_wconf 88' lang='lat' dir='ltr'>ex</span> <span class='ocrx_word' id='word_1_227' title='bbox 982 2953 1163 3022; x_wconf 86' lang='lat' dir='ltr'>antiquiorum</span> <span class='ocrx_word' id='word_1_228' title='bbox 1175 2957 1329 3020; x_wconf 90' lang='lat' dir='ltr'>temporum</span> 
     </span>
     <span class='ocr_line' id='line_1_29' title="bbox 328 3019 1332 3089; baseline 0.001 -17"><span class='ocrx_word' id='word_1_229' title='bbox 328 3019 435 3086; x_wconf 86' lang='lat' dir='ltr'>ingenio</span> <span class='ocrx_word' id='word_1_230' title='bbox 453 3020 663 3088; x_wconf 87' lang='lat' dir='ltr'>interpretanda.</span> <span class='ocrx_word' id='word_1_231' title='bbox 700 3019 806 3088; x_wconf 77' lang='lat' dir='ltr'>Quippe</span> <span class='ocrx_word' id='word_1_232' title='bbox 824 3021 898 3075; x_wconf 89' lang='lat' dir='ltr'>aliud</span> <span class='ocrx_word' id='word_1_233' title='bbox 910 3027 958 3089; x_wconf 89' lang='lat' dir='ltr'>est,</span> <span class='ocrx_word' id='word_1_234' title='bbox 976 3021 1099 3076; x_wconf 82' lang='lat' dir='ltr'>breviora</span> <span class='ocrx_word' id='word_1_235' title='bbox 1111 3021 1236 3074; x_wconf 82' lang='lat' dir='ltr'>Carmina</span> <span class='ocrx_word' id='word_1_236' title='bbox 1253 3019 1332 3074; x_wconf 89' lang='lat' dir='ltr'>modo</span> 
     </span>
     <span class='ocr_line' id='line_1_30' title="bbox 329 3087 1331 3158; baseline 0.002 -17"><span class='ocrx_word' id='word_1_237' title='bbox 329 3094 356 3141; x_wconf 92' lang='grc'>11</span> <span class='ocrx_word' id='word_1_238' title='bbox 375 3087 467 3142; x_wconf 88' lang='lat' dir='ltr'>ordine</span> <span class='ocrx_word' id='word_1_239' title='bbox 484 3089 608 3155; x_wconf 89' lang='lat' dir='ltr'>publicae</span> <span class='ocrx_word' id='word_1_240' title='bbox 627 3089 779 3144; x_wconf 86' lang='lat' dir='ltr'>recitationi</span> <span class='ocrx_word' id='word_1_241' title='bbox 805 3096 870 3158; x_wconf 88' lang='lat' dir='ltr'>apto</span> <span class='ocrx_word' id='word_1_242' title='bbox 889 3097 1063 3158; x_wconf 88' lang='lat' dir='ltr'>connectere,</span> <span class='ocrx_word' id='word_1_243' title='bbox 1087 3104 1146 3157; x_wconf 91' lang='lat' dir='ltr'>seu,</span> <span class='ocrx_word' id='word_1_244' title='bbox 1172 3095 1203 3143; x_wconf 92' lang='lat' dir='ltr'>ut</span> <span class='ocrx_word' id='word_1_245' title='bbox 1220 3087 1331 3143; x_wconf 84' lang='lat' dir='ltr'>Pindari</span> 
     </span>
     <span class='ocr_line' id='line_1_31' title="bbox 328 3156 1333 3228; baseline 0 -17"><span class='ocrx_word' id='word_1_246' title='bbox 328 3156 416 3211; x_wconf 89' lang='lat' dir='ltr'>Schol.</span> <span class='ocrx_word' id='word_1_247' title='bbox 435 3157 481 3222; x_wconf 85' lang='lat' dir='ltr'>ait,</span> <span class='ocrx_word' id='word_1_248' title='bbox 501 3158 595 3228; x_wconf 78' lang='grc' dir='ltr'><em>εἱρμόν</em></span> <span class='ocrx_word' id='word_1_249' title='bbox 615 3175 674 3213; x_wconf 86' lang='grc' dir='ltr'><em>τινα</em></span> <span class='ocrx_word' id='word_1_250' title='bbox 691 3157 736 3211; x_wconf 84' lang='grc' dir='ltr'>καὶ</span> <span class='ocrx_word' id='word_1_251' title='bbox 752 3159 845 3227; x_wconf 82' lang='grc' dir='ltr'><em>ῥαφὴν</em></span> <span class='ocrx_word' id='word_1_252' title='bbox 864 3159 1005 3227; x_wconf 83' lang='lat' dir='ltr'>adhibere,</span> <span class='ocrx_word' id='word_1_253' title='bbox 1023 3158 1097 3212; x_wconf 84' lang='lat' dir='ltr'>aliud</span> <span class='ocrx_word' id='word_1_254' title='bbox 1114 3165 1333 3213; x_wconf 66' lang='grc'><strong>1111111111]-</strong></span> 
     </span>
     <span class='ocr_line' id='line_1_32' title="bbox 328 3225 1330 3296; baseline 0.002 -18"><span class='ocrx_word' id='word_1_255' title='bbox 328 3240 415 3279; x_wconf 87' lang='lat' dir='ltr'>suere.</span> <span class='ocrx_word' id='word_1_256' title='bbox 451 3225 529 3292; x_wconf 78' lang='lat' dir='ltr'>Quod</span> <span class='ocrx_word' id='word_1_257' title='bbox 546 3241 609 3281; x_wconf 83' lang='lat' dir='ltr'>vero</span> <span class='ocrx_word' id='word_1_258' title='bbox 627 3227 669 3280; x_wconf 91' lang='lat' dir='ltr'>his</span> <span class='ocrx_word' id='word_1_259' title='bbox 686 3228 829 3295; x_wconf 90' lang='lat' dir='ltr'>postremis</span> <span class='ocrx_word' id='word_1_260' title='bbox 847 3227 960 3281; x_wconf 85' lang='lat' dir='ltr'>saeculis</span> <span class='ocrx_word' id='word_1_261' title='bbox 981 3227 1092 3285; x_wconf 74' lang='lat' dir='ltr'>,fuerunt</span> <span class='ocrx_word' id='word_1_262' title='bbox 1109 3226 1161 3280; x_wconf 84' lang='lat' dir='ltr'>viri</span> <span class='ocrx_word' id='word_1_263' title='bbox 1179 3227 1260 3296; x_wconf 87' lang='lat' dir='ltr'>docti,</span> <span class='ocrx_word' id='word_1_264' title='bbox 1284 3227 1330 3296; x_wconf 87' lang='lat' dir='ltr'>qui</span> 
     </span>
     <span class='ocr_line' id='line_1_33' title="bbox 327 3295 1329 3365; baseline 0.006 -21"><span class='ocrx_word' id='word_1_265' title='bbox 327 3295 456 3364; x_wconf 81' lang='grc' dir='ltr'><em>ῥαψῳδὸν</em></span> <span class='ocrx_word' id='word_1_266' title='bbox 485 3301 567 3362; x_wconf 89' lang='lat' dir='ltr'>atque</span> <span class='ocrx_word' id='word_1_267' title='bbox 590 3314 635 3347; x_wconf 87' lang='grc' dir='ltr'><em>ποι</em></span> <span class='ocrx_word' id='word_1_268' title='bbox 654 3297 702 3364; x_wconf 82' lang='grc' dir='ltr'><em>τὴν</em></span> <span class='ocrx_word' id='word_1_269' title='bbox 727 3296 787 3364; x_wconf 88' lang='lat' dir='ltr'>ipsa</span> <span class='ocrx_word' id='word_1_270' title='bbox 805 3296 964 3351; x_wconf 75' lang='lat' dir='ltr'>vi&#39;nominis</span> <span class='ocrx_word' id='word_1_271' title='bbox 983 3296 1097 3350; x_wconf 91' lang='lat' dir='ltr'>eundem</span> <span class='ocrx_word' id='word_1_272' title='bbox 1115 3301 1244 3364; x_wconf 88' lang='lat' dir='ltr'>putarent</span> <span class='ocrx_word' id='word_1_273' title='bbox 1263 3310 1329 3365; x_wconf 89' lang='lat' dir='ltr'>esse,</span> 
     </span>
     <span class='ocr_line' id='line_1_34' title="bbox 327 3314 1332 3488; baseline 0.004 -74"><span class='ocrx_word' id='word_1_274' title='bbox 327 3361 395 3419; x_wconf 80' lang='lat' dir='ltr'>falsa</span> <span class='ocrx_word' id='word_1_275' title='bbox 416 3362 476 3416; x_wconf 90' lang='lat' dir='ltr'>illos</span> <span class='ocrx_word' id='word_1_276' title='bbox 493 3364 618 3431; x_wconf 87' lang='lat' dir='ltr'>analogia</span> <span class='ocrx_word' id='word_1_277' title='bbox 635 3314 740 3417; x_wconf 66' lang='lat' dir='ltr'>Iefelln.</span> <span class='ocrx_word' id='word_1_278' title='bbox 775 3364 836 3419; x_wconf 86' lang='lat' dir='ltr'>Non</span> <span class='ocrx_word' id='word_1_279' title='bbox 863 3365 934 3419; x_wconf 92' lang='lat' dir='ltr'>enim</span> <span class='ocrx_word' id='word_1_280' title='bbox 941 3366 1066 3488; x_wconf 55' lang='lat' dir='ltr'>diducere</span> <span class='ocrx_word' id='word_1_281' title='bbox 1086 3372 1134 3419; x_wconf 86' lang='lat' dir='ltr'>aut</span> <span class='ocrx_word' id='word_1_282' title='bbox 1152 3365 1274 3433; x_wconf 81' lang='grc' dir='ltr'><em>ὑφαίνειν</em></span> <span class='ocrx_word' id='word_1_283' title='bbox 1293 3365 1332 3418; x_wconf 87' lang='lat' dir='ltr'>itu</span> 
     </span>
     <span class='ocr_line' id='line_1_35' title="bbox 328 3429 923 3501; baseline 0.007 -19"><span class='ocrx_word' id='word_1_284' title='bbox 328 3429 361 3483; x_wconf 93' lang='lat' dir='ltr'>de</span> <span class='ocrx_word' id='word_1_285' title='bbox 379 3431 569 3499; x_wconf 79' lang='lat' dir='ltr'>componendIs</span> <span class='ocrx_word' id='word_1_286' title='bbox 586 3431 707 3486; x_wconf 83' lang='lat' dir='ltr'>versibus</span> <span class='ocrx_word' id='word_1_287' title='bbox 724 3433 778 3487; x_wconf 89' lang='lat' dir='ltr'>dici</span> <span class='ocrx_word' id='word_1_288' title='bbox 795 3432 872 3501; x_wconf 90' lang='lat' dir='ltr'>solet,</span> <span class='ocrx_word' id='word_1_289' title='bbox 892 3440 923 3486; x_wconf 91' lang='lat' dir='ltr'>ut</span> 
     </span>
     <span class='ocr_line' id='line_1_36' title="bbox 328 3498 1332 3570; baseline 0.003 -19"><span class='ocrx_word' id='word_1_290' title='bbox 328 3498 400 3552; x_wconf 88' lang='lat' dir='ltr'>siliis.</span> <span class='ocrx_word' id='word_1_291' title='bbox 427 3499 594 3555; x_wconf 88' lang='lat' dir='ltr'>Adversatur</span> <span class='ocrx_word' id='word_1_292' title='bbox 611 3500 692 3554; x_wconf 89' lang='lat' dir='ltr'>etiam</span> <span class='ocrx_word' id='word_1_293' title='bbox 709 3501 842 3556; x_wconf 89' lang='lat' dir='ltr'>Pindarus</span> <span class='ocrx_word' id='word_1_294' title='bbox 861 3501 937 3556; x_wconf 85' lang='lat' dir='ltr'>Nem.</span> <span class='ocrx_word' id='word_1_295' title='bbox 956 3503 1001 3570; x_wconf 88' lang='lat'>11,</span> <span class='ocrx_word' id='word_1_296' title='bbox 1020 3503 1066 3557; x_wconf 94' lang='lat' dir='ltr'>ubi</span> <span class='ocrx_word' id='word_1_297' title='bbox 1084 3501 1287 3570; x_wconf 84' lang='lat' dir='ltr'>ignavissimum</span> <span class='ocrx_word' id='word_1_298' title='bbox 1304 3502 1332 3554; x_wconf 93' lang='lat' dir='ltr'>in</span> 
     </span>
     <span class='ocr_line' id='line_1_37' title="bbox 327 3567 1332 3640; baseline 0.004 -20"><span class='ocrx_word' id='word_1_299' title='bbox 327 3567 373 3621; x_wconf 89' lang='lat' dir='ltr'>illa</span> <span class='ocrx_word' id='word_1_300' title='bbox 391 3569 495 3622; x_wconf 90' lang='lat' dir='ltr'>ratione</span> <span class='ocrx_word' id='word_1_301' title='bbox 513 3569 652 3637; x_wconf 90' lang='lat' dir='ltr'>epitheton</span> <span class='ocrx_word' id='word_1_302' title='bbox 669 3575 741 3624; x_wconf 89' lang='grc'><strong>11111</strong></span> <span class='ocrx_word' id='word_1_303' title='bbox 758 3571 787 3622; x_wconf 89' lang='lat' dir='ltr'>iu</span> <span class='ocrx_word' id='word_1_304' title='bbox 805 3571 903 3638; x_wconf 85' lang='lat' dir='ltr'>verbis,</span> <span class='ocrx_word' id='word_1_305' title='bbox 921 3573 1038 3640; x_wconf 81' lang='grc' dir='ltr'><em>ῥαπτῶν</em></span> <span class='ocrx_word' id='word_1_306' title='bbox 1058 3573 1145 3624; x_wconf 82' lang='grc' dir='ltr'><em>ἐπέων</em></span> <span class='ocrx_word' id='word_1_307' title='bbox 1155 3570 1251 3625; x_wconf 82' lang='grc' dir='ltr'><em>ἀοιδοί.</em></span> <span class='ocrx_word' id='word_1_308' title='bbox 1278 3569 1332 3624; x_wconf 81' lang='lat' dir='ltr'>lle·</span> 
     </span>
     <span class='ocr_line' id='line_1_38' title="bbox 327 3635 1332 3706; baseline 0.003 -16"><span class='ocrx_word' id='word_1_309' title='bbox 327 3652 380 3705; x_wconf 87' lang='lat' dir='ltr'>que</span> <span class='ocrx_word' id='word_1_310' title='bbox 398 3651 439 3702; x_wconf 85' lang='grc'>11,</span> <span class='ocrx_word' id='word_1_311' title='bbox 457 3635 504 3690; x_wconf 85' lang='lat' dir='ltr'>sed</span> <span class='ocrx_word' id='word_1_312' title='bbox 521 3637 678 3706; x_wconf 80' lang='lat' dir='ltr'>simpliciter</span> <span class='ocrx_word' id='word_1_313' title='bbox 696 3637 852 3691; x_wconf 73' lang='lat' dir='ltr'>adeuntem</span> <span class='ocrx_word' id='word_1_314' title='bbox 868 3641 1065 3705; x_wconf 68' lang='lat' dir='ltr'>rhapsodiam,</span> <span class='ocrx_word' id='word_1_315' title='bbox 1083 3639 1215 3694; x_wconf 73' lang='lat' dir='ltr'>trahenda</span> <span class='ocrx_word' id='word_1_316' title='bbox 1233 3644 1277 3693; x_wconf 79' lang='grc'>111</span> <span class='ocrx_word' id='word_1_317' title='bbox 1294 3638 1332 3693; x_wconf 87' lang='lat' dir='ltr'>Io-</span> 
     </span>
     <span class='ocr_line' id='line_1_39' title="bbox 327 3706 1330 3778; baseline 0.001 -19"><span class='ocrx_word' id='word_1_318' title='bbox 327 3706 399 3761; x_wconf 91' lang='lat' dir='ltr'>cutio</span> <span class='ocrx_word' id='word_1_319' title='bbox 417 3707 530 3774; x_wconf 86' lang='grc' dir='ltr'><em>ῥάπτειν</em></span> <span class='ocrx_word' id='word_1_320' title='bbox 553 3707 646 3777; x_wconf 81' lang='grc' dir='ltr'><em>ἀοιδήν</em></span> <span class='ocrx_word' id='word_1_321' title='bbox 670 3707 698 3761; x_wconf 90' lang='lat' dir='ltr'>in</span> <span class='ocrx_word' id='word_1_322' title='bbox 715 3722 798 3760; x_wconf 84' lang='lat' dir='ltr'>veras.</span> <span class='ocrx_word' id='word_1_323' title='bbox 816 3706 937 3761; x_wconf 90' lang='lat' dir='ltr'>Hesiodo</span> <span class='ocrx_word' id='word_1_324' title='bbox 955 3708 1067 3764; x_wconf 90' lang='lat' dir='ltr'>tributis</span> <span class='ocrx_word' id='word_1_325' title='bbox 1084 3725 1127 3778; x_wconf 87' lang='lat' dir='ltr'>ap.</span> <span class='ocrx_word' id='word_1_326' title='bbox 1147 3707 1235 3764; x_wconf 85' lang='lat' dir='ltr'>Schol.</span> <span class='ocrx_word' id='word_1_327' title='bbox 1253 3707 1330 3762; x_wconf 84' lang='lat' dir='ltr'>Piud.</span> 
     </span>
     <span class='ocr_line' id='line_1_40' title="bbox 327 3774 1090 3844; baseline 0.007 -17"><span class='ocrx_word' id='word_1_328' title='bbox 327 3774 343 3826; x_wconf 90' lang='lat' dir='ltr'>l.</span> <span class='ocrx_word' id='word_1_329' title='bbox 363 3790 384 3828; x_wconf 91' lang='grc'>1.</span> <span class='ocrx_word' id='word_1_330' title='bbox 421 3774 474 3828; x_wconf 83' lang='lat' dir='ltr'>Sed</span> <span class='ocrx_word' id='word_1_331' title='bbox 492 3775 536 3829; x_wconf 92' lang='lat' dir='ltr'>hic</span> <span class='ocrx_word' id='word_1_332' title='bbox 554 3775 652 3844; x_wconf 88' lang='lat' dir='ltr'>attingi</span> <span class='ocrx_word' id='word_1_333' title='bbox 668 3781 774 3830; x_wconf 89' lang='lat' dir='ltr'>tantum</span> <span class='ocrx_word' id='word_1_334' title='bbox 791 3780 905 3844; x_wconf 89' lang='lat' dir='ltr'>possunt</span> <span class='ocrx_word' id='word_1_335' title='bbox 922 3775 974 3830; x_wconf 84' lang='lat' dir='ltr'>ista</span> <span class='ocrx_word' id='word_1_336' title='bbox 993 3779 1090 3832; x_wconf 81' lang='lat' dir='ltr'>omnia</span> 
     </span>
    </p>
   </div>
   <div class='ocr_carea' id='block_1_9' title="bbox 960 3433 1330 3489">
    <p class='ocr_par' dir='ltr' id='par_1_9' title="bbox 960 3433 1330 3489">
     <span class='ocr_line' id='line_1_41' title="bbox 960 3433 1330 3489; baseline 0 -3"><span class='ocrx_word' id='word_1_337' title='bbox 960 3449 974 3486; x_wconf 91' lang='lat' dir='ltr'>e</span> <span class='ocrx_word' id='word_1_338' title='bbox 994 3433 1130 3489; x_wconf 89' lang='lat' dir='ltr'>struendis</span> <span class='ocrx_word' id='word_1_339' title='bbox 1148 3433 1217 3488; x_wconf 88' lang='lat' dir='ltr'>dolis</span> <span class='ocrx_word' id='word_1_340' title='bbox 1229 3439 1330 3488; x_wconf 87' lang='grc'><strong>11111-</strong></span> 
     </span>
    </p>
   </div>
   <div class='ocr_carea' id='block_1_10' title="bbox 0 0 1522 4434">
    <p class='ocr_par' dir='ltr' id='par_1_10' title="bbox 0 0 1522 4434">
     <span class='ocr_line' id='line_1_42' title="bbox 0 0 1522 4434; baseline 0 0"><span class='ocrx_word' id='word_1_341' title='bbox 0 0 1522 4434; x_wconf 95' lang='lat' dir='ltr'> </span> 
     </span>
    </p>
   </div>
  </div>
 </body>
</html>
