3034 4434
622 538 803 591 ..49-

215 689 294 748 ditam
313 687 447 746 Homero
468 701 530 745 rem
548 686 644 745 videri
664 685 753 745 fuisse
773 687 891 745 minime
905 687 1001 745 sinunt
1014 687 1217 748 similitudines
1232 701 1256 739 ⁸1

212 765 239 823 Il.
258 786 282 822 ο.
303 767 372 824 679.
393 779 457 836 sqq.
481 769 511 823 et
530 763 635 838 Odyss.
657 782 681 821 ε.
704 764 770 823 371.
811 764 888 823 Usus
915 780 976 822 sum
1006 765 1051 823 his
1080 766 1217 840 exemplis

211 843 397 915 potissimum,
418 841 490 914 quia
508 841 673 900 luculenter
692 840 861 913 ostendunt,
883 841 952 913 quid
972 842 1049 901 inter
1068 842 1168 915 ignota
1189 849 1219 902 et

211 921 288 992 vulgo
308 919 422 978 usitata
441 918 566 991 intersit,
587 923 619 977 et
639 934 725 990 quarn
747 918 931 977 considerate
951 925 1093 991 cauteque
1106 921 1218 980 coniec-

210 996 326 1056 tandum
347 996 387 1055 sit
406 995 445 1055 de
466 995 623 1069 primarum
644 995 844 1054 inventionum
860 1001 890 1053 et
903 1012 1014 1054 morum
1027 998 1218 1056 successibus.

210 1073 298 1147 Finge
319 1073 415 1145 igitur
434 1078 530 1132 vatem
551 1071 660 1132 alicubi
680 1072 719 1131 de
740 1072 858 1130 invento
873 1071 975 1131 Cadmi
989 1089 1041 1132 seu
1053 1073 1218 1134 Palamedis

210 1150 313 1211 diserte
339 1151 483 1222 locutum,
515 1151 561 1209 vel
586 1150 762 1209 commercia
789 1149 992 1222 epistolarum,
1024 1152 1160 1225 primum,
1187 1160 1219 1211 ut

210 1229 354 1302 plerisque
375 1226 501 1310 videtur,
521 1227 718 1286 rudimentum
740 1226 895 1299 scribendi,
915 1234 1051 1299 tanquam
1072 1229 1218 1302 vulgatam

210 1321 265 1364 rem
279 1310 421 1365 testatum
437 1319 516 1363 esse:
536 1320 604 1363 num
620 1320 655 1361 ex
670 1320 706 1363 eo
721 1304 794 1362 satis
809 1311 960 1378 appareat,
975 1306 1062 1364 etiam
1075 1307 1220 1366 volumina

212 1379 373 1442 carminum
394 1381 483 1440 scribi
501 1381 589 1440 moris
610 1378 723 1439 fuisse?

282 1457 346 1523 ¹Sed
366 1458 418 1531 qui
438 1457 497 1516 duo
517 1463 586 1516 sunt
605 1458 684 1532 apud
699 1456 859 1517 Homerum
878 1459 944 1532 loci,
965 1459 995 1516 iu
1009 1459 1112 1530 quibus
1126 1461 1219 1520 simile

212 1536 347 1608 quiddam
357 1535 520 1609 scripturae
529 1536 685 1609 reperitur,
702 1542 841 1594 accurata
849 1535 1053 1609 interpretatio
1063 1534 1148 1596 facile
1158 1540 1219 1596 vin·

213 1619 263 1686 cet,
284 1629 337 1674 eos
356 1628 414 1672 non
428 1613 521 1685 magis
537 1612 574 1671 de
590 1613 737 1686 scriptura
750 1612 936 1685 accipiendos
951 1629 1024 1685 esse,
1045 1630 1131 1685 quam
1145 1617 1219 1674 cele·

212 1689 287 1749 brem
313 1689 396 1748 illum
417 1687 609 1761 0100001043)
637 1690 675 1747 de
702 1690 899 1762 typographia
922 1696 1031 1749 nostra.
1070 1690 1168 1762 Atque
1188 1694 1217 1750 in

212 1767 300 1826 altero
321 1766 440 1839 quidem
460 1766 531 1840 loco,
552 1767 588 1825 Il.
608 1787 636 1844 η.
658 1768 723 1825 175.
741 1781 815 1839 sqq,
837 1768 895 1826 cito
916 1772 1120 1825 conventurum
1141 1768 1217 1826 arbi-

212 1848 268 1903 tror
288 1845 366 1902 inter
386 1844 495 1917 omnes,
515 1844 587 1902 nihil
607 1844 715 1916 inesse,
738 1843 817 1916 quod
837 1844 970 1902 alterutri
984 1844 1062 1916 parti
1076 1843 1215 1918 proficiat.

212 1918 389 1980 Describitur
408 1920 450 1978 ibi
469 1920 572 1980 modus
586 1920 729 1980 sortiendi
744 1921 851 1979 illustri
865 1921 989 1993 quodam
1005 1923 1144 1996 exemplo,
1165 1924 1216 1983 sed

212 1996 309 2071 itaut
329 1997 422 2056 omnis
442 1998 571 2058 narratio
591 1999 741 2071 reclamet,
763 2013 800 2055 ne
819 1999 944 2057 animum
963 1999 1067 2058 subeat
1078 2001 1216 2074 cogitatio

211 2072 376 2134 litterarum.
410 2074 487 2134 Nam
506 2071 631 2154 οὴματα,
652 2074 758 2147 quibus
774 2080 894 2133 utuntur
908 2077 1020 2149 heroes,
1038 2075 1141 2167 χαράν
1160 2099 1217 2135 ατο

213 2166 279 2224 asse,
300 2153 361 2211 sive
381 2152 467 2226 signa
487 2152 658 2225 arbitraria,
679 2153 759 2225 ligno
791 2153 837 2211 vel
857 2153 907 2210 alii
928 2154 1023 2213 inutili
1041 2171 1086 2213 rer
1105 2173 1123 2214 a
1145 2157 1215 2229 dita,

164 2260 168 2265 -
212 2227 392 2289 manifestum
414 2235 509 2289 estex
522 2245 566 2302 eo,
587 2230 664 2302 quod
681 2247 755 2299 sors,
778 2246 853 2302 quae
867 2232 953 2303 galea
967 2232 1045 2305 exiit,
1066 2233 1216 2292 00100000-

215 2313 293 2365 eunte
306 2322 453 2382 praecone
463 2307 616 2378 unicuique
631 2307 821 2380 agnoscenda
831 2307 1097 2380 demonstraturssl.
1120 2311 1216 2382 Quare

212 2383 285 2443 uerbi
310 2380 479 2474 ἐπιγράφειν
499 2403 524 2444 0.
547 2380 611 2444 ior.
638 2384 743 2443 eadem
771 2383 942 2456 significatio
962 2385 1001 2443 sit
1019 2401 1139 2444 necesse
1160 2394 1214 2459 est,
1228 2401 1253 2440 aa

214 2475 280 2531 qnae
293 2460 366 2521 alibr
379 2460 487 2532 ubique
501 2468 554 2534 est,
575 2459 707 2521 fodiendi
722 2477 777 2520 seu
791 2461 950 2535 scalpendi.
972 2461 1079 2520 Sensus
1093 2462 1214 2521 alterius

212 2536 271 2610 1001,
291 2537 316 2606 ζ.
333 2545 398 2599 168.
411 2554 483 2612 sqq,
501 2538 669 2614 impeditior
687 2536 786 2598 factus
802 2546 847 2598 est
868 2538 904 2597 ab
919 2539 964 2611 iis,
985 2539 1034 2610 qui
1047 2555 1141 2597 mores
1155 2540 1214 2600 Ho

212 2617 326 2676 noricos
346 2632 405 2675 non
426 2614 539 2676 discere
559 2617 675 2689 abillo,
697 2616 749 2675 sed
772 2617 802 2673 in
818 2633 883 2674 eum
896 2614 1012 2688 inferre,
1035 2622 1064 2673 et
1077 2632 1153 2689 vaga
1166 2635 1214 2676 vo·

213 2692 308 2753 cabula
328 2693 367 2753 ad
388 2695 624 2754 consuetudinem
645 2694 692 2752 sni
712 2694 825 2752 saeculi
844 2699 981 2765 torquere
1001 2693 1141 2753 solebant.
1171 2696 1214 2752 Ao

272 2856 310 2924 ⁴³)
327 2855 370 2909 De
389 2852 453 2909 Nat.
470 2854 550 2911 Deor.
569 2854 605 2924 Π,
623 2856 665 2910 37.

272 2945 309 3010 44)
327 2941 382 2997 Hic
400 2940 568 2995 subnotanda
592 2947 635 2995 est
651 2939 744 3010 paullo
764 2947 828 2994 ante
846 2940 978 3007 promissa
996 2941 1065 2995 ratio
1083 2936 1213 2998 recentio-

210 3011 241 3066 ris
257 3011 427 3067 smobastae
449 3009 478 3063 in
495 3008 561 3063 Van.
580 3009 645 3065 con.
662 3010 694 3063 B.
714 3009 749 3063 ud
773 3026 797 3063 v.
819 3013 891 3076 185„
915 3009 1064 3063 suavissimi
1090 3010 1212 3066 hominis.

210 3077 261 3136 Nos
277 3095 363 3134 unum
382 3076 555 3146 alphabetum
573 3079 685 3133 moleste
704 3079 873 3146 quaerimus3
892 3077 937 3130 ille
955 3083 996 3132 tot
1007 3078 1212 3149 habetdiversa,

210 3155 270 3230 quot
286 3148 401 3203 fuerunt
418 3146 512 3215 populi
530 3146 670 3228 Graeciae,
688 3147 716 3199 in
735 3162 823 3215 eoque
842 3161 950 3226 causam
966 3146 1115 3228 videqcur
1132 3165 1212 3204 uuus-

209 3215 1212 3372 llllltlillbllltillidi?ritib}distillabit

208 3369 437 3479 iltlltf‘tt
457 3365 486 3490 {¹¹
487 3351 681 3491 illidit·
697 3352 826 3482 ἕὲἕῖἑῗθ
837 3359 900 3473 ill
902 3353 1077 3493 113εαῖἓὲἓὲ
1094 3353 1211 3492 filiii?

209 3492 230 3543 ri
256 3493 314 3562 γὰρ
345 3494 437 3551 κοινῶς
459 3440 562 3564 stenar
580 3491 746 3561 γράμματα,
779 3463 834 3544 ἔδει
859 3491 905 3543 τὸν
930 3441 1035 3613 {pora
1058 3493 1211 3560 ἀναγνῶναι
1256 3484 1259 3489 ’

209 3562 247 3614 rol
272 3560 338 3620 τοὺς
361 3555 471 3624 ἄλλους,
498 3557 539 3619 οἷς
562 3559 735 3612 ἐπεδείκνυτο
762 3561 777 3612 ὁ
800 3560 908 3629 κλῆρος.
968 3566 1022 3613 tem
1040 3558 1165 3614 Eustath.
1183 3574 1210 3626 p.

209 3631 264 3685 674.
281 3633 325 3685 35.
364 3626 403 3680 θίν
419 3628 570 3698 γράμματα
590 3629 701 3698 νοητέον
721 3627 755 3687 ἐξ
772 3629 890 3696 ἀνάγκης
907 3628 942 3680 τὰ
959 3633 1072 3682 τοιαῦτα
1091 3627 1210 3694 σήματα,

210 3696 308 3751 εἴδωλα
338 3695 370 3748 δέ
393 3714 452 3748 τινα
475 3697 492 3767 ἢ
516 3697 609 3757 ἁπλῶς
633 3697 816 3761 ἐκτοπώματα
840 3697 868 3747 ἐν
899 3697 1068 3765 ὑποκειμένῳ
1091 3694 1209 3759 εὐτελεῖ,

210 3765 313 3836 ledrdt'qr
331 3764 412 3836 τυχὸν
431 3766 448 3836 ἢ
466 3765 587 3838 &adporto
606 3766 623 3836 ἢ
641 3765 756 3837 τοιούτῳ
775 3766 833 3820 τινί.

234 3860 328 3906 Woll.
343 3859 512 3912 Prolesomm.
1050 3861 1066 3899 t
