3034 4434
735 353 915 406 ..gq-

323 519 418 576 neque
438 501 535 562 divino
555 499 672 574 iactam,
692 500 745 560 sed
764 498 840 562 forte
860 506 892 560 et
910 517 980 560 casu
998 506 1099 560 natam
1111 507 1205 576 atque
1216 519 1331 563 concre-

324 587 383 640 tam
404 596 469 638 esse
489 584 662 638 statuerant.
702 579 769 638 Non
788 584 896 651 metuo,
915 595 952 638 ne
972 579 1036 650 quis
1055 595 1102 637 me
1116 580 1223 639 similis
1244 586 1329 640 tame

323 657 419 716 ritatis
440 661 567 729 accuset,
589 672 677 729 quum
697 656 828 729 vestigiis
848 653 1022 714 artificiosae
1042 657 1194 729 compagis
1217 662 1249 716 et
1267 658 1329 716 aliis

324 733 459 806 gravibus
480 733 575 791 causis
589 732 727 805 adducar,
747 738 781 791 ut
794 733 952 791 Homerum
964 749 1021 791 non
1034 733 1239 792 universorum
1249 737 1329 808 qnasi

324 827 477 884 corporum
496 826 614 886 suorum
641 808 773 884 opificem
800 826 878 879 esse,
906 809 959 867 sed
978 810 1052 867 hano
1072 815 1167 868 artem
1189 817 1221 869 et
1240 818 1329 870 struc-

323 894 418 945 turam
445 886 655 960 posterioribus
692 887 816 945 saeculis
836 885 957 944 inditam
977 892 1083 960 putem.
1125 888 1233 959 Neque
1253 890 1327 946 enim

322 964 353 1022 id
372 971 493 1037 repente
513 961 632 1023 fortuito
652 961 770 1036 factum,
790 979 890 1021 verum
909 963 1061 1022 coniuncta
1080 964 1111 1021 in
1130 964 1187 1024 hoc
1200 966 1325 1037 plurium

322 1046 452 1099 aetatum
471 1040 674 1112 hominumque
694 1041 793 1099 studia
810 1040 980 1114 reperimus.
1019 1039 1060 1100 Ut
1073 1046 1173 1100 autem
1187 1057 1233 1114 ea,
1254 1058 1327 1114 quae

271 1127 309 1168 1³⁵
324 1117 387 1176 fieri
406 1135 463 1176 non
483 1123 614 1191 possunt,
634 1115 713 1176 iacta
733 1117 854 1176 credere
875 1117 1073 1176 stultissimum
1095 1123 1149 1191 est,
1168 1119 1214 1177 ita
1227 1135 1326 1176 caven-

324 1195 393 1253 dum
422 1196 510 1253 etiam
536 1194 617 1267 illud,
647 1211 684 1253 ne
709 1197 857 1255 oculorum
881 1199 1046 1254 nostrorum
1071 1194 1134 1253 acie
1154 1201 1279 1254 naturae
1298 1201 1327 1254 et

322 1288 421 1331 rerum
440 1271 511 1330 fines
532 1272 694 1344 metiamur,
727 1278 757 1329 et
777 1271 854 1344 quod
873 1288 931 1330 non
949 1271 1007 1344 ipsi
1025 1270 1089 1329 fieri
1109 1271 1278 1345 viderimus,
1297 1273 1327 1331 id

322 1348 385 1407 fieri
405 1350 519 1409 omnino
549 1366 606 1408 non
626 1366 712 1422 posse
732 1351 892 1421 opinemur.
932 1347 991 1407 Sed
1009 1348 1191 1421 pergendum
1213 1357 1259 1408 est
1278 1366 1326 1409 no

321 1428 367 1496 bis
387 1427 426 1484 ad
446 1428 568 1485 alterum
595 1442 685 1498 genus
706 1430 952 1498 argumentorum,
978 1442 1015 1483 ex
1033 1442 1099 1497 quo,
1126 1426 1241 1484 etiamsi
1261 1428 1326 1485 reii-

323 1520 381 1576 qua
400 1505 496 1563 omnia
510 1504 690 1576 tollerentur,
711 1503 922 1576 inexplicabilis
948 1501 1091 1560 dubitatio
1104 1511 1277 1562 nasceretur
1291 1503 1325 1561 de

322 1583 458 1639 universa
476 1579 569 1640 forma
588 1580 691 1639 horum
712 1579 884 1638 Oarminum.
924 1579 980 1637 Est
999 1595 1035 1638 ea
1054 1594 1138 1646 nune,
1159 1580 1262 1653 inquit,
1283 1586 1326 1638 ta·

322 1659 369 1730 Iis,
389 1665 423 1715 ut
442 1673 496 1715 nec
516 1656 627 1715 addere
648 1657 806 1729 quidquam
826 1673 880 1714 nec
899 1656 1016 1714 demere
1036 1657 1123 1714 salvis
1137 1657 1253 1728 legibus
1270 1658 1326 1715 ele·

324 1736 442 1806 gantiae
466 1734 563 1791 liceat.
609 1733 714 1806 Audio,
736 1739 767 1791 et
796 1750 832 1792 ex
855 1739 941 1806 parte
970 1734 1056 1806 plane
1080 1732 1179 1806 video,
1212 1734 1326 1806 illisque

324 1810 549 1874 διασκευασταῖς
577 1809 672 1868 habeo
693 1811 826 1882 gratiam.
865 1811 907 1868 At
925 1826 1019 1868 nonne
1039 1809 1170 1868 omnibus
1191 1811 1249 1868 erit
1267 1828 1326 1869 ma-

323 1886 468 1954 nifestum,
490 1902 539 1944 eos
559 1886 604 1943 his
625 1887 761 1959 operibus
782 1885 992 1947 conformandis
1006 1887 1153 1960 propriam
1166 1893 1262 1945 artem
1275 1888 1326 1946 ad-

323 1963 461 2031 hibuisse,
483 1978 570 2034 quum
591 1962 819 2023 demonstratum
839 1963 935 2036 fuerit,
961 1965 991 2021 in
1012 1968 1134 2035 utroque
1153 1980 1212 2022 non
1231 1965 1325 2036 modo,

324 2039 401 2111 qnod
421 2044 490 2098 ante
510 2039 709 2113 ostendebam,
730 2042 889 2113 particulas
910 2039 1059 2112 quasdam,
1079 2039 1132 2098 sed
1145 2045 1225 2100 totas
1239 2043 1326 2114 rhap-

324 2115 421 2174 sodias
441 2117 551 2189 inesse,
579 2133 653 2189 quae
674 2118 795 2177 Homeri
814 2135 871 2175 non
891 2124 972 2189 sunt,
1003 2117 1034 2174 id
1055 2123 1100 2174 est
1120 2117 1198 2189 eius,
1231 2134 1250 2176 a
1270 2135 1326 2190 quo

323 2194 415 2253 maior
435 2210 503 2266 pars
524 2202 555 2251 et
574 2195 702 2266 priorum
722 2195 942 2267 rhapsodiarum
962 2195 1054 2252 series
1075 2193 1202 2251 deducta
1223 2195 1289 2254 esti

403 2270 524 2330 Constat
543 2272 601 2329 iam
623 2271 692 2331 olim
712 2272 875 2329 dubitatum
897 2287 962 2329 esse
983 2270 1020 2328 ab
1040 2269 1237 2343 Aristophane
1257 2272 1325 2343 Byz.

325 2353 356 2406 et
374 2349 558 2418 Aristarcho,
584 2365 641 2408 non
661 2349 745 2406 nimis
767 2348 925 2406 audacibus
945 2349 975 2405 in
995 2348 1050 2407 hoc
1070 2363 1179 2418 genere
1203 2347 1328 2416 Oritieis,

324 2426 361 2484 de
382 2427 556 2485 auctoritate
577 2432 770 2484 extremorum
785 2424 932 2498 Odysseae
952 2424 1020 2483 inde
1033 2421 1092 2501 ad.
1106 2427 1170 2482 aot.
1204 2424 1329 2483 Eadem·

325 2518 381 2574 que
406 2502 548 2560 dubitatio
575 2503 682 2561 iniecta
707 2509 752 2559 est
783 2503 871 2560 etiam
897 2502 934 2559 de
953 2501 1062 2559 Iliados
1084 2497 1148 2572 Ol).
1188 2501 1329 2560 Neutrius

272 2578 441 2650 nequidem
467 2578 655 2637 dubitationis
684 2595 790 2637 causae
822 2580 852 2636 in
879 2585 1011 2636 neutram
1042 2584 1156 2650 partem
1186 2578 1285 2636 adhuc
1313 2596 1330 2636 a

325 2671 468 2726 quoquam
489 2656 649 2728 explicatae
670 2662 745 2729 sunt,
766 2656 881 2714 illorum
901 2661 999 2713 autem
1012 2661 1142 2713 veterum
1158 2653 1329 2728 disputatio·

324 2747 376 2788 nes
396 2747 499 2804 parum
519 2731 646 2790 fideliter
665 2733 748 2790 nobis
770 2733 914 2791 traditae:
935 2748 1001 2790 nam
1016 2748 1065 2790 eos
1079 2731 1226 2790 historicis
1241 2734 1330 2792 ratio-

325 2807 409 2865 nibus
431 2815 461 2865 et
480 2809 600 2880 antiqua
619 2807 697 2867 fama
717 2809 757 2867 ad
777 2808 1000 2868 confirmandam
1019 2825 1081 2866 rem
1093 2825 1161 2866 usos
1177 2825 1243 2867 esse
1257 2811 1330 2868 veri-

394 3031 418 3095 1)
435 3030 477 3082 De
494 3028 615 3096 Odyssea
631 3027 692 3081 vide
711 3028 800 3082 Schol.
819 3028 854 3082 ad
871 3045 896 3081 v.
914 3045 936 3081 c.
956 3034 983 3081 et
1001 3028 1127 3082 Eustath.
1146 3045 1172 3097 p.
1194 3034 1269 3086 1948.
1288 3033 1330 3086 47.

325 3096 478 3165 ibidemque
497 3098 606 3165 Oiarkfi,
624 3097 756 3150 Deceriae
776 3103 804 3150 et
816 3096 894 3165 Popii
911 3097 996 3158 Nutu,
1015 3097 1061 3150 ubi
1079 3097 1255 3152 Aristarchea
1272 3115 1331 3154 sen·

326 3165 412 3224 tentia
431 3174 458 3218 ct
475 3165 538 3218 novi
556 3166 692 3218 adiutores
710 3165 769 3218 eius
780 3165 950 3233 refelluntur,
968 3165 1141 3219 Casaubonus
1153 3174 1181 3218 et
1192 3166 1331 3234 Rapinus:

327 3233 360 3286 de
379 3233 463 3287 Iliade
482 3232 564 3287 lensii
582 3234 658 3286 Obss.
680 3232 713 3286 de
735 3233 797 3286 stilo
820 3234 899 3287 Hom,
923 3250 950 3301 p.
968 3237 1027 3288 290.
1047 3243 1075 3286 et
1093 3235 1197 3287 Dawes.
1215 3235 1331 3290 Misceli

233 3333 235 3337 >
327 3302 386 3355 crit.
404 3319 430 3369 p.
452 3306 508 3356 152.
516 3318 573 3368 sqq.
592 3309 739 3368 contraque
757 3302 807 3354 hos
824 3301 890 3355 Em.
909 3303 943 3356 ad
961 3322 991 3354 ω.
1013 3306 1034 3354 l.
1060 3301 1220 3370 Quanquam
1239 3305 1331 3357 Daue·

327 3371 382 3424 sius
399 3369 502 3438 primus
520 3371 650 3428 etiamil.
674 3367 698 3421 Υ,
717 3375 801 3423 totam
819 3371 863 3424 vul
879 3387 1004 3439 magnam
1024 3369 1082 3422 eius
1094 3381 1200 3436 partem
1211 3372 1331 3426 Homero

327 3438 464 3506 indignam
482 3438 656 3492 iudicaverat.
692 3435 724 3489 In
741 3437 861 3505 Odyssea
884 3447 1026 3506 praeterea
1044 3438 1121 3492 codd.
1140 3439 1245 3508 aliquot
1262 3440 1330 3493 indi·

327 3507 397 3560 cium
414 3507 516 3562 habent
534 3506 605 3559 iilius
623 3522 667 3559 sus
687 3505 781 3558 icionis
808 3514 838 3559 ut
856 3507 1014 3560 Olarkianus
1026 3521 1043 3560 a
1055 3507 1104 3559 Th.
1116 3506 1242 3564 Bentleio
1252 3509 1332 3564 oolla·

327 3580 380 3643 tus,
398 3582 426 3630 et
443 3576 496 3629 ouo
514 3574 645 3628 vinnom.
664 3521 696 3629 i.
716 3583 744 3627 a
762 3545 909 3628 ohnxnr.
