3034 4434
726 472 908 554 ..ῃ-ἱ

390 651 522 711 Eandem
541 666 602 709 rem
621 648 742 709 forsitan
761 648 870 710 mustra
890 650 1001 724 experti
1020 647 1144 708 fluissent
1165 648 1273 709 Graeci
1285 651 1313 709 in

314 730 378 789 aliis
394 725 524 800 Νόστοις,
545 737 601 800 quo
620 728 734 786 nomine
754 729 839 801 plura
859 727 1012 786 exstabant
1032 728 1154 798 antiqua
1168 725 1314 800 Carmina,

315 822 435 878 quorum
454 822 491 863 ne
503 811 635 863 auctores
650 804 765 876 quidem
778 805 860 864 nobis
875 805 946 864 satis
959 804 1021 863 noti
1033 803 1156 875 sunt⁸⁸t
1178 803 1239 862 Sed
1252 805 1313 862 nnl-
1328 852 1340 863 ..

262 889 301 929 111
314 883 369 940 lius
391 898 471 941 error
490 887 550 940 tarn
569 883 671 954 longus
690 888 807 955 tamque
827 881 977 940 disiunctis
990 883 1020 938 in
1033 881 1103 941 loeis
1116 879 1217 939 fuerat
1231 897 1317 953 quam

313 959 436 1032 Ulyssis,
463 959 567 1017 nullius
587 964 647 1016 tam
666 959 813 1018 mirabiles
833 965 913 1018 terra
932 959 1060 1030 marique
1081 974 1166 1016 casus
1187 964 1220 1016 et
1239 958 1313 1016 ludi·

314 1036 378 1095 bria
401 1034 534 1095 fortunae
558 1034 634 1094 fama
658 1036 873 1109 divulgaverat,
900 1041 933 1094 ut
957 1036 1020 1093 iure
1044 1035 1133 1093 liceat
1158 1036 1311 1107 suspicari,

314 1119 424 1172 tantam
451 1115 563 1187 copiam
581 1113 665 1171 huius
687 1115 801 1186 generis
822 1113 988 1172 carminum
1009 1111 1045 1170 de
1065 1112 1122 1170 alio
1142 1112 1224 1171 nullo
1245 1129 1316 1184 sup-

315 1190 443 1264 petiisse.
476 1191 537 1250 Iam
564 1195 593 1248 et
618 1191 665 1248 hic
686 1197 715 1249 et
735 1192 765 1248 in
784 1189 876 1249 Iliade
896 1206 931 1249 eo
950 1187 1012 1247 fere
1031 1190 1122 1249 omnis
1142 1188 1223 1247 redit
1242 1189 1325 1247 dubi-

315 1269 397 1340 tatio,
418 1285 464 1340 an,
485 1269 510 1326 si
531 1284 567 1325 ex
585 1273 647 1327 toto
668 1274 792 1340 quatuor
806 1268 851 1325 vel
865 1268 990 1339 quinque
1003 1267 1127 1325 maiores
1140 1266 1316 1339 rhapsodias

315 1346 502 1418 excerpseris,
522 1361 751 1416 unamquamque
771 1345 858 1403 trium
878 1344 1039 1417 pluriumve
1059 1343 1207 1416 librorum,
1228 1344 1259 1401 in
1279 1345 1315 1402 iis

317 1437 447 1481 seorsum
466 1421 568 1496 positis
590 1423 651 1480 eius
669 1438 806 1493 summae,
828 1437 914 1493 quam
926 1437 1002 1478 nunc
1016 1436 1114 1480 ornnes
1128 1419 1316 1493 admiramur,

315 1499 438 1572 vestigia
458 1499 503 1558 vel
523 1498 720 1558 tantummodo
740 1499 854 1557 vincula
874 1514 998 1570 magnae
1018 1499 1166 1570 compagis
1179 1497 1317 1570 primitus

316 1576 485 1648 designatae
506 1575 714 1649 deprehendas.
748 1575 816 1634 Scio
830 1592 916 1647 quam
929 1573 1046 1633 difficile
1060 1575 1108 1643 sit,
1126 1575 1319 1634 Aristotelem

316 1660 346 1711 et
366 1660 477 1713 ceteros
498 1654 653 1726 scriptores
675 1653 781 1711 artium
800 1653 939 1725 oblivisci,
954 1654 1003 1724 qui
1023 1652 1112 1710 multo
1132 1657 1209 1724 post,
1230 1667 1318 1723 quam

315 1738 414 1804 partes
434 1732 489 1789 hae
503 1729 623 1788 firmiter
637 1730 814 1800 coaluerant,
835 1729 902 1788 inde
915 1735 1074 1802 praecepta
1086 1745 1140 1786 sua
1154 1727 1316 1787 duxerunt:

316 1814 347 1866 at
367 1808 466 1880 quidni
486 1808 641 1865 iucundum
661 1808 708 1878 sit,
729 1807 817 1865 semel
832 1812 862 1864 et
881 1807 987 1864 iterum
1009 1823 1045 1864 ex
1064 1807 1179 1863 illarum
1193 1812 1322 1864 contern-

316 1886 444 1957 platione
465 1885 681 1956 antiquissimae
701 1884 797 1956 poesis
818 1885 963 1956 specimen
983 1884 1109 1957 capere?
1137 1899 1226 1954 quarn
1246 1884 1324 1942 inter

316 1978 414 2019 omnes
436 1963 568 2021 convenit
588 1961 626 2018 ad
645 1961 802 2020 Homerum
822 1977 913 2033 usque
934 1961 1044 2018 nullum
1064 1960 1178 2032 longius
1193 1966 1225 2018 et
1237 1960 1322 2019 huius

316 2036 426 2096 formae
446 2054 519 2110 opus
539 2038 693 2110 protulisse
701 2037 747 2108 89).
786 2037 863 2095 Mihi
886 2038 1011 2111 quidem,
1032 2035 1135 2109 fateor,
1159 2037 1274 2109 quoties
1292 2038 1322 2095 in

317 2112 388 2170 illud
408 2114 533 2185 priscum
549 2130 659 2187 aevum,
681 2119 819 2187 quantum
832 2131 958 2187 possum,
978 2115 1072 2172 animo
1085 2113 1185 2187 redeo,
1206 2114 1324 2172 minime

318 2190 473 2261 displicent
491 2190 548 2249 isto
567 2190 652 2250 modo
677 2193 753 2250 lecta
773 2191 846 2249 haec
861 2191 1005 2264 Carmina,
1026 2207 1121 2263 neque
1139 2191 1170 2247 in
1189 2191 1320 2264 ingenio

266 2279 304 2320 raa
318 2267 430 2325 sissimo
451 2265 635 2327 adolescente
650 2270 771 2328 senilem
784 2269 956 2341 sapientiam
971 2268 1114 2327 desidero.
1149 2268 1319 2340 Quanquam

317 2359 373 2401 non
395 2348 453 2401 tam
475 2344 647 2415 sapientiam
668 2350 699 2403 et
717 2345 928 2418 praestantiam
950 2347 1036 2417 artie,
1062 2361 1148 2416 quam
1168 2350 1269 2403 tantae
1290 2351 1320 2403 et

317 2426 377 2479 tam
397 2421 477 2478 varie
497 2421 635 2493 cpisodiis
656 2422 809 2481 distinctae
830 2423 1036 2495 perpetuitatis
1056 2421 1263 2494 cogitationem
1283 2421 1318 2480 ab

317 2496 436 2556 Homeri
457 2498 519 2556 loco
541 2503 570 2555 et
589 2498 684 2557 indole
705 2501 829 2558 alienam
850 2515 915 2558 esse
938 2499 1089 2559 contendo.
1128 2498 1205 2556 Nam
1224 2514 1318 2570 neque

317 2590 365 2632 ars
386 2582 415 2634 et
435 2576 567 2633 iunctura
585 2575 646 2643 illa,
666 2578 722 2634 etsi
741 2593 867 2635 summas
887 2577 989 2635 laudes
1010 2576 1124 2647 meruit,
1149 2575 1193 2633 ita
1213 2575 1319 2634 callida

318 2657 362 2710 est
384 2658 412 2710 et
432 2651 556 2722 subtilis,
576 2657 608 2710 ut
623 2668 686 2712 earn
700 2654 802 2726 ingens
816 2655 972 2726 ingenium,
993 2651 1166 2712 necessariis
1181 2651 1319 2710 subsidiis

317 2729 502 2798 instructum,
532 2729 578 2787 vel
598 2729 660 2789 siue
685 2732 816 2804 exemplo
842 2732 958 2803 assequi
979 2748 1036 2790 non
1054 2729 1200 2803 potuisse3
1225 2744 1318 2802 nequa

387 2889 422 2952 88)
440 2889 493 2956 Qaui
510 2889 580 2943 enim
599 2906 616 2944 a
633 2890 745 2946 Casaub.
765 2891 793 2944 in
810 2892 909 2945 Athen.
923 2889 970 2956 IV,
990 2896 1029 2944 14.
1048 2896 1118 2943 extr.
1132 2890 1178 2943 alii
1211 2906 1247 2944 ue
1264 2891 1319 2944 lau-

318 2957 424 3022 dantur,
444 2958 501 3011 lere
521 2966 582 3012 sunt
600 2960 772 3026 recentiores,
790 2966 818 3013 et
836 2960 870 3014 ab
888 2959 941 3013 illis
958 2959 1070 3014 Homeri
1089 2959 1198 3027 aequali
1216 2975 1250 3013 us
1266 2975 1319 3013 ma·
1353 3024 1355 3027 ¹

317 3025 413 3079 teriam
432 3041 507 3081 suam
524 3027 668 3095 petierant.

386 3110 423 3177 ⁸⁹)
439 3111 482 3167 De
498 3111 645 3168 Aristotele
662 3113 726 3183 quid
744 3113 866 3181 audeam,
882 3113 970 3169 video.
1003 3113 1057 3169 Sed
1073 3114 1101 3167 in
1119 3112 1215 3167 eadem
1231 3127 1319 3182 paene

316 3178 424 3234 haeresi
441 3195 512 3247 sum,
535 3197 614 3249 quani
636 3197 724 3305 unguet
741 3181 879 3251 professus
896 3189 937 3237 est
955 3188 1050 3238 auctor
1070 3182 1205 3250 elegantis
1222 3181 1326 3236 11111111ζ

318 3248 474 3311 Poroltelea,
492 3264 519 3326 p.
539 3253 641 3317 ltsqq.
717 3250 781 3305 inde
801 3251 873 3319 quod
890 3251 1034 3306 convenire
1053 3250 1110 3303 dixi
1129 3249 1163 3303 de
1174 3251 1253 3319 poesi
1263 3256 1335 3305 ante·

317 3314 473 3393 liemarum,
498 3316 526 3369 ad
544 3331 598 3369 non
616 3317 673 3372 sola
690 3318 844 3374 coniectura
862 3319 973 3387 nititur,
997 3319 1045 3372 sed
1061 3319 1184 3386 ipsorum
1201 3325 1323 3373 veterum

318 3388 492 3449 auctoritate,
518 3384 564 3452 qui
587 3384 692 3440 illorum
716 3389 881 3442 canticorum
906 3395 1066 3456 argumenta
1084 3394 1112 3440 et
1130 3387 1242 3441 nomina
1259 3388 1323 3442 sads

317 3450 401 3505 multa
424 3451 573 3519 proferunt.
604 3452 637 3507 lu
659 3454 817 3521 oculisest,
839 3463 949 3523 praeter
966 3455 1100 3509 Velleium
1118 3462 1146 3508 et
1163 3462 1207 3510 tot
1225 3456 1326 3510 similes

316 3518 481 3598 laudatores,
497 3520 659 3599 Aristoteles
676 3538 698 3577 c.
708 3527 760 3588 aa,
778 3523 824 3592 qui
842 3524 944 3593 aliquot
954 3524 1100 3578 virtutibus
1110 3523 1324 3609 epicipoematia

318 3594 482 3643 enumerans
499 3596 624 3657 apponit:
642 3588 682 3651 οἷς
706 3595 786 3643 πᾶσιν
801 3590 918 3662 Ὅμηρος
939 3594 1073 3664 κέχρηται
1093 3610 1136 3644 aaa
1154 3598 1266 3661 πρῶτος
1282 3592 1326 3645 καὶ

317 3657 421 3778 25:32
459 3657 503 3713 lta
528 3657 665 3727 plerisque
682 3657 727 3712 ille
744 3666 785 3713 est
806 3666 832 3713 et
847 3663 951 3727 primas
969 3674 993 3714 aa
1010 3663 1129 3714 omnibu
1148 3665 1266 3716 namma
1283 3662 1325 3714 al»
