3034 4434
737 551 914 605 ..gg-

325 702 495 764 iacilitatem
513 703 732 778 perduceretur.
771 699 889 758 Etenim
908 706 1047 772 quantum
1067 706 1097 759 et
1117 716 1205 772 quam
1225 701 1278 758 diu
1297 702 1326 758 iu

324 782 380 841 hoc
399 797 507 854 genere
526 780 690 839 laboratum
709 777 748 834 sit
766 776 835 836 olim
848 777 1102 836 instrumentorum
1115 778 1249 849 penuria,
1270 778 1326 836 sin·

325 857 446 931 galatim
464 856 601 930 persequi
620 856 715 928 ipsum
734 853 818 912 labor
838 859 891 912 est
924 854 1000 912 Eum
1014 861 1113 913 tamen
1125 854 1256 913 laborem
1269 871 1326 914 non

325 935 439 994 omnino
459 932 606 1006 defugiam
626 947 725 991 eorum
745 930 850 1002 gratia,
870 930 920 1002 qui
938 931 1024 989 nimis
1043 930 1154 989 assueti
1167 946 1327 1003 pennarum

325 1026 441 1068 suarum
466 1011 689 1080 chartarumque
712 1007 827 1065 levitati
852 1005 1039 1067 difficultates
1058 1007 1224 1067 huiusmodi
1244 1025 1264 1080 a
1282 1025 1328 1067 me

324 1092 445 1160 praeter
464 1087 580 1147 modum
599 1084 702 1158 augeri
720 1088 833 1158 putent.
1152 1116 1155 1129 -

401 1163 580 1222 Percmrant
598 1179 669 1235 ergo
688 1176 800 1219 mecum
821 1176 866 1232 ea,
885 1161 915 1217 in
937 1160 1040 1233 quibus
1061 1160 1214 1233 graphium
1235 1161 1327 1220 Grae-

324 1255 423 1299 corum
443 1241 481 1299 ab
501 1240 627 1312 antiquis
654 1237 844 1310 scriptoribus
863 1237 990 1296 traditur
1014 1237 1176 1296 miserrime
1195 1239 1327 1298 haesisse

325 1316 365 1375 ad
384 1318 530 1376 saeculum
549 1315 612 1375 fere
631 1315 680 1374 VI.
700 1320 769 1372 ante
790 1313 866 1386 Chr,
887 1330 944 1385 quo
962 1315 1086 1388 primum
1099 1314 1194 1372 biblus
1209 1332 1263 1373 seu
1275 1332 1327 1389 pa-

323 1409 412 1466 pyrus
422 1394 561 1453 maiorem
570 1392 803 1452 commoditatem
813 1389 962 1463 attuhtffl).
978 1391 1036 1450 Sed
1046 1389 1115 1449 folia
1126 1391 1271 1450 etlibrum
1282 1410 1327 1451 ar·

286 1485 312 1525 co
324 1469 428 1530 borum
439 1470 565 1543 sibyllis,
578 1470 648 1528 item
659 1467 791 1528 fabuloso
801 1467 905 1526 Dareti
915 1474 945 1525 et
954 1467 1117 1526 amantibus
1125 1468 1326 1542 relinquimus,

324 1548 381 1605 etsi
391 1547 469 1606 illius
484 1547 572 1607 moris
582 1546 736 1618 vestigium
746 1544 892 1617 quoddam
901 1545 995 1603 videri
1003 1545 1097 1617 possit
1107 1560 1171 1602 esse
1181 1546 1212 1602 in
1221 1541 1327 1623 ἐκφυλ-

324 1621 448 1701 λοφορίᾳ
468 1629 498 1683 et
516 1625 546 1682 in
559 1623 712 1696 petalismo
726 1622 906 1694 Syracusano
921 1621 1053 1693 [Diodor.
1067 1620 1118 1679 XI.
1132 1624 1192 1694 87].
1222 1623 1326 1695 Neque

323 1699 397 1759 adeo
421 1702 452 1758 in
472 1701 586 1759 testulis
606 1699 763 1772 ahquando
781 1698 868 1756 scribi
882 1699 997 1757 solitum
1011 1698 1162 1770 quisquam
1175 1698 1278 1758 docuit
1291 1716 1327 1757 ex

323 1793 372 1849 eo,
399 1777 476 1849 quod
502 1793 556 1849 per
580 1777 646 1835 illas
672 1775 815 1847 quaedam
842 1774 980 1847 suffragia
998 1773 1101 1833 fierent
1119 1773 1251 1834 Athenis.
1291 1777 1326 1834 In

249 1899 254 1909 χ
322 1853 468 1926 lapidibus
489 1858 595 1925 autem,
616 1854 646 1910 in
665 1853 752 1924 lignis
773 1856 804 1909 et
822 1851 935 1910 laminis
955 1852 1135 1910 metallorum
1154 1853 1250 1924 prima
1262 1859 1326 1911 ten·

321 1931 433 1988 tamina
451 1927 530 1987 iacta
550 1945 623 2001 esse,
642 1929 758 1986 minime
779 1928 896 1986 dubium
916 1934 974 1987 est:
995 1933 1075 1987 certe
1094 1928 1212 2000 optimis
1226 1936 1326 1988 aucto·
1353 1960 1355 1964 ·

322 2005 402 2064 ribus
427 2005 621 2078 comedimus,
647 2006 728 2077 leges
757 2003 862 2076 ligneis
881 2005 989 2063 tabulis
1010 2011 1041 2063 et
1059 2005 1160 2063 axibus
1180 2021 1199 2062 a
1218 2006 1325 2066 Solone

323 2081 446 2152 aliisque
466 2081 581 2159 incisas.
620 2080 661 2140 At
672 2081 740 2140 huic
751 2082 892 2140 materiae
906 2082 978 2140 alias
992 2098 1078 2154 quam
1093 2081 1228 2154 publicas
1246 2083 1325 2141 litte·

323 2173 373 2216 ras
387 2157 569 2216 mandavisse
584 2157 721 2230 Graecos,
740 2174 825 2216 nemo
838 2163 948 2217 temere
962 2159 1072 2228 credat,
1091 2157 1148 2215 uisi
1162 2159 1208 2215 cui
1217 2159 1324 2219 Boeoti

322 2234 522 2306 persuaserint
537 2234 573 2293 de
589 2235 724 2308 plumbeo
742 2251 794 2294 suo
811 2235 968 2307 exemplari
981 2227 1090 2313 Ἔργων
1100 2234 1231 2308 Hesiodi,
1246 2236 1324 2308 quod

323 2309 404 2368 iuxta
423 2307 532 2370 fontem
550 2311 698 2372 Heliconis
718 2311 792 2371 vidit
803 2310 1016 2385 Pausaniasa),
1037 2311 1090 2370 sed
1099 2317 1246 2370 vetustate
1259 2313 1323 2387 plu-

282 2403 306 2443 er
321 2386 402 2445 rimis
426 2388 559 2459 partibus
584 2394 749 2462 corruptum
770 2388 886 2446 videtur
904 2389 1003 2459 legere
1023 2404 1080 2447 non
1100 2389 1238 2460 potuisse.
1279 2389 1322 2448 Ut

319 2479 388 2523 vero
407 2464 523 2538 publica
533 2471 718 2525 monumenta
729 2466 809 2537 liguo
824 2470 912 2536 atque
925 2465 1059 2537 metallis,
1079 2465 1123 2523 ita
1135 2471 1270 2539 utraque,
1290 2467 1321 2524 in

318 2540 418 2613 primis
431 2541 556 2614 privata,
575 2543 672 2601 linteis
686 2543 827 2614 inscripta
840 2556 914 2612 esse,
928 2557 1067 2613 perquam
1081 2541 1221 2601 credibile
1234 2541 1319 2616 foret,

319 2617 452 2677 simodo
476 2619 590 2678 omnino
614 2620 669 2677 hoc
695 2634 786 2690 genus
806 2618 980 2676 voluminum
1007 2618 1086 2690 apud
1106 2617 1235 2678 Graecos
1261 2621 1320 2678 rdlo

265 2744 273 2755 ,
317 2699 451 2765 tempore
470 2694 609 2752 usitatum
622 2693 733 2752 hrisset.
765 2693 849 2765 Quod
863 2709 950 2765 quum
963 2710 1047 2753 secus
1061 2695 1107 2767 sit,
1128 2694 1217 2766 idque
1228 2711 1319 2768 genus

386 2869 421 2938 ⁹2)
439 2867 586 2936 Vulgarem
603 2868 757 2936 opinionem
770 2868 803 2922 de
835 2885 918 2938 apyro
927 2870 1035 2925 invento
1047 2870 1239 2940 Alexandriae,
1257 2888 1333 2940 pro»

317 2936 416 3014 lectam
432 2951 449 2991 a
466 2936 504 2989 M.
522 2935 643 2992 Varrone
661 2952 678 2989 a
699 2937 790 3016 ..Plin
809 2885 885 3005 ΞΠΙ,
906 2943 945 3006 ll,
962 2943 1013 3006 21,
1030 2939 1123 3006 plures
1139 2939 1194 2993 iam
1211 2941 1318 3008 pridem

317 3003 443 3058 viderunt
460 3003 555 3060 falsam
572 3020 638 3058 esse.
722 3020 813 3060 mvero
838 3006 944 3060 locutus
966 3006 1073 3060 videtur
1090 3009 1176 3061 Varro
1195 3009 1229 3062 de
1247 3024 1318 3064 com·

316 3071 436 3125 mediore
446 3073 561 3140 quadam
570 3073 674 3127 ratione
687 3072 825 3127 faciendae
835 3075 945 3128 chartae
957 3089 1136 3142 papyraceae,
1155 3077 1230 3143 quali
1241 3085 1318 3131 aetas

316 3139 517 3260 εἶᾜθὶίξωτ.
552 3140 634 3195 Cuius
648 3143 691 3263 gei
704 3141 940 3263 tsimilleihrfilriddam
956 3142 1095 3262 nottiahitur
1111 3144 1202 3210 paullo
1215 3153 1278 3212 post
1289 3145 1317 3198 in

315 3223 758 3399 {egptorirtrgguffslgurerglssirlapyffiprs}
768 3225 991 3399 saeculigusslffitulrr}
1007 3218 1317 3401 ἓὲεῖὲἷῑεξῖἕιξῖαἲιᾱᾙιῖἓ

314 3358 536 3488 α.οἳῧῗιὶεᾷοιέη11
552 3360 1030 3481 testinggff'videeffiydssmi'comgi
1041 3362 1192 3493 poistg‘rlum,
1204 3356 1314 3470 thffi

314 3482 342 3530 et
359 3477 478 3532 Platoms
496 3494 539 3545 ap.
557 3479 694 3534 Pollucem
711 3478 772 3533 VII.
791 3486 859 3534 extr.
877 3488 958 3549 atque
976 3481 1108 3536 Herodoti
1125 3483 1140 3535 l.
1155 3484 1172 3537 l.
1208 3484 1314 3538 Primus

314 3543 421 3600 illorum
436 3545 649 3616 βιβλιογράφον,
673 3548 743 3602 alter
778 3550 867 3618 ‹iprar
884 3549 993 3616 habuit3
1015 3550 1120 3619 tertius,
1138 3558 1166 3604 et
1183 3551 1207 3605 is
1225 3553 1312 3606 minus

314 3613 421 3682 quidem
445 3613 582 3683 ambigue,
609 3615 725 3681 βίβλους
774 3616 859 3684 iisque
888 3617 954 3672 locis
970 3617 1083 3685 βιβλία,
1107 3625 1188 3686 atque
1215 3621 1243 3673 in
1267 3621 1312 3674 illc

314 3682 379 3736 satis
396 3679 537 3751 significat,
556 3697 604 3737 sua
616 3688 705 3738 aetate
723 3700 778 3738 non
794 3698 893 3738 uorum
910 3685 993 3740 fuisse
1012 3702 1089 3740 usum
1107 3687 1213 3756 papyri.

381 3768 662 3838 &mmpffl
