3034 4434
627 559 739 613 -145
770 586 804 596 -

217 715 311 767 tamen
334 707 410 765 ullus
436 707 548 766 illorum
570 706 759 780 Criticorum,
782 707 857 780 quod
879 709 995 781 quidem
1014 696 1140 779 constet',
1160 723 1211 765 un·

216 801 299 857 quam
319 784 362 842 ita
381 791 512 842 versatus
533 785 627 842 estin
651 791 734 842 textu
754 785 931 857 tragicorum
956 791 1007 844 aut
1026 785 1146 844 aliorum
1165 801 1212 842 re·

216 863 372 921 cantiorum
392 865 558 934 poetarum:
579 862 635 920 soli
655 862 830 920 vetustiores
844 859 1212 935 mebolpetebanturomni

215 939 331 998 licentia
349 939 552 1011 mutationum,
573 939 801 1008 correctionum,
825 939 1093 1011 immolationum,
1112 938 1213 998 litura·

214 1015 334 1086 mm1⁸);
356 1031 391 1073 ex
410 1031 466 1085 quo
486 1015 571 1089 plane
592 1022 723 1087 apparet,
745 1032 809 1074 eam
828 1016 974 1074 licentiam
993 1022 1054 1074 tum
1073 1016 1212 1089 temporis

214 1109 268 1152 non
287 1108 391 1151 novam
410 1090 515 1164 fuisse,
540 1097 628 1164 atque
648 1092 722 1150 adeo
744 1108 779 1150 ex
799 1099 868 1151 nota
886 1090 1003 1151 fortuna
1022 1091 1128 1151 ἀοιδῶν
1146 1109 1213 1151 auc-

214 1170 361 1231 toritatem
381 1169 524 1240 quandam
545 1176 575 1227 et
594 1170 720 1242 speciem
740 1170 861 1228 rationis
881 1171 1014 1228 traxisse.

623 1381 782 1456 XLVII.

286 1554 395 1612 Verum
414 1555 472 1613 ista
491 1555 586 1613 omnia
608 1556 651 1612 sic
673 1557 767 1629 accipi
787 1555 884 1626 nolim,
904 1554 987 1625 quasi
1006 1553 1097 1613 bonos
1118 1561 1148 1613 et
1166 1571 1213 1613 ao·

213 1637 326 1690 curatos
348 1631 549 1690 emendatores
568 1648 670 1704 negem
694 1634 821 1705 antiquis
843 1637 873 1689 et
892 1631 1043 1702 exquisitis
1063 1630 1211 1690 codicibus

214 1723 278 1766 usos
313 1724 387 1780 esse,
420 1709 513 1779 iisque
547 1709 750 1781 comparandis
782 1709 936 1781 genuinam
965 1706 1085 1766 formam
1113 1715 1211 1766 textus

213 1785 397 1856 quaesivisse.
437 1785 477 1843 At
496 1786 621 1857 genuina
641 1786 697 1843 illis
717 1784 774 1845 luit
795 1802 838 1858 ea,
858 1800 933 1856 quae
953 1790 1070 1858 poetam
1088 1785 1211 1843 maxime

158 1912 160 1927 ,
213 1861 315 1920 decere
335 1861 496 1920 videbatur.
536 1862 569 1919 In
590 1879 655 1935 quo,
676 1879 759 1922 nemo
780 1880 837 1922 non
856 1862 945 1934 videt,
971 1862 1067 1920 omnia
1086 1860 1211 1934 denique

213 1938 248 1996 ad
256 1938 519 1997 Alexandrinorum
528 1941 675 2012 ingenium
689 1946 720 1999 et
729 1940 881 1998 arbitrium
891 1938 998 1998 redire.
1019 1939 1212 2012 Quamobrem

158 2028 160 2083 l
211 2015 240 2072 in
257 2020 341 2074 tanta
360 2022 476 2087 tamque
501 2017 673 2076 calamitosa
700 2019 787 2075 ruina
812 2017 993 2089 antiquitatis
1016 2018 1211 2090 prosperrime

212 2093 319 2164 evenit,
347 2099 379 2149 ut
398 2094 423 2149 is
443 2094 623 2165 potissimum
644 2110 745 2152 manus
767 2095 934 2154 admoveret
954 2095 1049 2166 operi,
1075 2093 1212 2167 probare·

158 2178 160 2183 '
211 2174 314 2241 turque
327 2170 459 2241 maxime,
474 2170 524 2240 qui
538 2177 617 2228 certe
632 2188 688 2229 non
705 2176 784 2229 esset
796 2173 826 2229 in
841 2171 1049 2242 audacissimis,
1060 2172 1109 2242 qui
1123 2187 1211 2244 saepe
1224 2178 1262 2222 m

211 2245 404 2305 Zenodoteam
416 2247 610 2304 temeritatem
624 2254 788 2315 coerceret,
802 2249 851 2318 qui
859 2263 943 2305 veras
953 2248 1092 2306 sermonis
1104 2247 1210 2306 Graeci

162 2358 165 2364 .
210 2321 289 2395 leges
320 2324 485 2381 acutissime
504 2325 640 2381 omnium
671 2324 859 2395 intelligeret.
909 2323 968 2382 Sed
992 2323 1029 2380 de
1053 2323 1098 2380 his
1122 2324 1210 2382 rebus

211 2401 306 2472 paullo
332 2407 407 2472 post,
427 2400 477 2458 ubi
497 2401 635 2472 exemplis
656 2401 814 2473 propositis
834 2399 1030 2474 probatissimi
1045 2398 1145 2457 critici
1169 2401 1211 2458 in·

162 2504 166 2513 ¹
211 2478 325 2549 genium
347 2484 376 2534 et
395 2484 487 2534 artem
507 2476 677 2535 describam.
1237 2529 1239 2534 .

284 2554 332 2612 Ea
352 2554 483 2626 exempla
496 2561 610 2627 sumpta
624 2560 690 2612 sunt
701 2570 736 2612 ex
746 2554 876 2626 reliquiis
886 2556 1003 2608 dearum
1022 2555 1211 2627 recessionum,

210 2646 282 2702 quae
304 2631 371 2689 olim
391 2630 429 2688 ad
442 2630 640 2689 Aristarchum
661 2629 874 2689 referebantur.
913 2629 1004 2700 idque
1024 2629 1123 2686 statim
1142 2635 1208 2701 post

209 2715 330 2767 mortem
350 2708 411 2765 eius
430 2705 538 2765 factum
558 2707 690 2766 arbitror.
732 2710 809 2767 Nam
831 2723 916 2778 quum
936 2704 1117 2778 Ammonius,
1142 2704 1207 2763 Ari·

209 2784 314 2844 starchi
335 2783 451 2842 auditor
471 2790 500 2841 et
520 2800 670 2843 successor
689 2785 719 2842 in
741 2785 848 2844 Schola
867 2782 1076 2855 Alexandrina,
1101 2784 1207 2841 librum

209 2862 358 2933 scriberet,
370 2858 434 2937 περὶ
448 2859 498 2916 τοῦ
505 2857 548 2976 sib
562 2858 706 2938 γεγονέναι
719 2861 853 2926 πλείονας
865 2855 1000 2924 ἐκδόσεις
1010 2859 1061 2938 τῆς
1071 2857 1209 2938 Ἀρισταρ-

206 2937 289 3016 pecho
309 2934 499 3014 διορθώσεως
517 2936 550 3008 ⁹),
572 2955 712 3011 perquam
733 2939 874 2998 credibile
895 2943 948 3007 est,
968 2937 1027 2994 iam
1040 2943 1101 2996 tum
1114 2936 1207 3011 dupli-

209 3030 268 3073 cem
283 3015 439 3073 editionem
453 3031 505 3072 seu
516 3014 622 3088 duplex
636 3018 799 3090 exemplum
813 3013 1017 3072 Aristarcheae
1030 3015 1207 3074 recensionis

209 3091 237 3149 iu
255 3094 363 3150 museis
384 3090 560 3149 circumferri
580 3094 720 3166 coepisse.
756 3093 837 3164 Quae
858 3091 954 3164 opinio
975 3088 1101 3150 etfama
1121 3093 1207 3151 etiam

274 3288 309 3354 1⁸)
327 3286 389 3341 Non
406 3301 475 3340 unns
487 3286 635 3340 Homerus:
655 3286 706 3339 etsi
723 3301 780 3339 rem
799 3284 872 3353 apud
888 3284 960 3338 hunc
977 3284 1092 3338 maxime
1104 3285 1208 3342 idoneis

209 3362 236 3408 et
258 3356 340 3410 certis
363 3355 467 3408 indiciis
488 3360 616 3408 tenemus.
651 3353 752 3407 Verum
771 3355 817 3421 qui
835 3353 868 3406 de
885 3352 1003 3406 Hesiodo
1022 3352 1135 3422 dubitet,
1157 3371 1208 3411 nec

209 3421 218 3475 i
236 3440 325 3478 sarum
342 3424 399 3477 eius
414 3423 586 3502 reliquiarum
604 3423 694 3490 specie
710 3428 865 3488 moveatur,
891 3418 1042 3475 meminerit
1059 3422 1137 3476 modo
1154 3423 1207 3477 loci

209 3439 277 3546 illius
294 3493 323 3546 in
341 3493 415 3546 Theo
435 3507 503 3557 oma,
528 3495 559 3545 18
577 3490 699 3545 versibus
717 3490 791 3544 aucti
809 3505 843 3544 ex
860 3489 928 3544 libro
946 3490 1045 3543 veteris
1064 3488 1207 3558 Chrysippi

210 3560 279 3629 apud
297 3561 392 3615 Galen.
416 3508 449 3613 ge
467 3559 598 3628 Hippocr.
619 3565 646 3612 et
663 3558 732 3614 Plat.
745 3559 844 3626 Dogm.
857 3557 906 3613 ΙΠ.
926 3565 993 3612 extr.
1012 3558 1043 3610 Τ.
1060 3557 1082 3610 Ι.
1100 3573 1126 3626 p.
1144 3561 1203 3612 273.

274 3647 308 3705 191
327 3644 395 3699 Vide
412 3644 580 3712 praeclarum
599 3644 687 3698 Schcl.
707 3660 722 3698 e
740 3643 856 3715 Didymo
876 3660 933 3698 exe
944 3643 979 3697 ad
991 3662 1014 3696 ιι.
1027 3644 1086 3698 397.
1121 3643 1206 3698 Liber

210 3711 233 3766 is
247 3714 320 3769 haud
339 3713 418 3768 dubie
437 3713 507 3765 idem
524 3720 573 3780 est,
592 3713 638 3781 qui
656 3711 690 3766 ad
702 3731 727 3767 τ.
741 3716 800 3769 365.
814 3714 920 3780 citatur,
938 3711 1018 3782 περὶ
1036 3715 1095 3791 τῆς
1113 3717 1205 3766 ἐπει»

212 3781 369 3852 δοθείσης
386 3781 625 3851 διορθώσεως,
645 3787 673 3836 et
690 3780 759 3836 haec
776 3779 893 3838 fortasse
910 3794 975 3834 vera
991 3780 1142 3848 inscriptio.

234 3877 321 3924 well.
335 3879 503 3927 Prolcgonrena.
1038 3875 1067 3916 ib
