3034 4434
625 355 802 414 -75..

220 525 276 570 uero
295 508 411 582 endem,
430 512 466 567 ut
485 507 598 583 opinor,
624 508 655 566 in
674 509 799 569 maximo
819 509 887 568 olim
906 523 1025 568 numero
1044 507 1213 582 rhapsodia-

220 586 341 659 remita
361 583 491 644 difficilis
511 589 633 658 repertu
651 582 715 658 init,
741 590 776 644 ut
794 583 964 659 posterioris
985 587 1091 644 aetatis
1111 584 1215 644 studiis

220 669 243 721 et
260 663 425 736 elegantiae
450 678 510 721 non
524 661 679 722 tribuenda
698 661 840 720 videatur.
872 663 970 735 Atque
989 662 1062 721 haec
1081 663 1156 721 ratio
1177 677 1212 721 eo

220 740 387 813 probabilior
406 737 467 812 fiet,
489 739 515 797 si
535 739 571 797 ab
591 739 655 812 ipso
674 740 768 812 primo
788 744 907 799 auctore
927 739 1004 797 filum
1024 738 1140 798 fabulae
1153 739 1211 797 iam

220 818 392 889 aliquatenus
413 815 573 876 deductum
594 832 658 876 esse
679 816 842 890 apparebit.

641 1013 787 1089 XXIX.

285 1168 345 1229 Sed
363 1168 437 1228 illud
457 1167 557 1228 forsan
575 1170 676 1229 ludere
697 1175 750 1242 est,
771 1185 829 1227 non
841 1169 1017 1242 ratiocinari,
1037 1171 1211 1243 praesertim

218 1246 334 1306 intanta
347 1247 526 1307 auctoritate
539 1247 665 1320 vulgaris
678 1246 886 1319 persuasionis.
922 1245 998 1318 Quid
1012 1262 1090 1320 ergo,
1104 1249 1128 1305 si
1142 1247 1209 1304 Ari·

218 1325 320 1382 stotelis
330 1324 413 1396 leges
424 1323 535 1397 epicas,
548 1329 689 1397 quatenus
700 1324 751 1382 illa
761 1323 949 1397 persuasione
959 1325 1098 1396 nituntur,
1112 1325 1211 1383 obtur-

217 1399 307 1459 bemus
323 1401 443 1460 vocibus
455 1400 714 1461 Grammaticorum
723 1407 854 1459 veterum
865 1401 999 1472 omnium,
1017 1417 1138 1472 quorum
1148 1402 1209 1457 nul-

216 1477 253 1535 lus
266 1483 413 1552 superest,
432 1479 481 1549 qui
497 1479 577 1537 novis
588 1477 766 1537 acuminibus
778 1477 814 1535 de
827 1477 966 1550 primarie
977 1479 1090 1536 actione
1100 1477 1208 1535 Iliados

214 1555 363 1627 proludat?
386 1554 577 1614 Consentiunt
597 1557 673 1614 enim
693 1570 801 1628 omnes,
821 1555 851 1611 in
870 1554 963 1612 Iliade
983 1554 1123 1613 contineri
1136 1564 1210 1625 pecta

216 1634 376 1688 Graecorum
396 1641 421 1687 et
445 1634 625 1688 Troianorum
638 1633 677 1687 ad
689 1634 780 1702 Ilium,
803 1636 841 1703 et,
862 1631 966 1704 siquid
981 1631 1101 1702 addunt,
1115 1632 1206 1700 fortia
1226 1644 1265 1684 trs

158 1731 161 1739 ·
208 1711 281 1778 fecta
304 1709 429 1764 Achillis.
469 1708 516 1768 lta
540 1710 570 1766 in
595 1709 694 1783 primis
720 1710 798 1768 clare
823 1714 924 1767 auctor
949 1709 1015 1766 libri
1035 1708 1072 1765 de
1091 1707 1211 1766 Homeri

212 1787 297 1858 poesi,
304 1785 354 1857 qui
364 1784 418 1843 sub
425 1785 574 1844 Plutarchi
583 1787 696 1846 nomine
708 1786 818 1856 editur3
829 1785 1047 1844 itaEustathius
1057 1783 1210 1856 ubique90).

212 1861 263 1920 Hic
281 1868 380 1942 tamen
394 1862 466 1920 illud
479 1864 560 1936 prius
574 1864 665 1922 solum
679 1863 830 1922 constituit
839 1879 978 1920 summam
992 1862 1142 1933 Carminis,
1162 1862 1203 1919 in-

211 1955 295 2012 super
315 1939 441 1998 absurde
462 1939 576 2013 ducens,
596 1940 739 1999 Achillem
758 1941 788 1998 in
811 1956 845 1999 eo
864 1955 935 2013 prae
949 1941 1054 1998 ceteris
1067 1940 1202 1998 heroibus

210 2021 360 2090 tantopere
380 2022 514 2076 ornatum
534 2033 607 2091 esse,
629 2019 697 2090 quia
709 2017 853 2076 Homerus
872 2017 947 2075 hunc
960 2033 1031 2090 prae
1042 2018 1148 2076 ceteris
1163 2016 1204 2073 di-

209 2092 319 2152 lexerit.
353 2092 499 2166 Absurde,
518 2095 642 2168 inquam,
657 2095 720 2168 hoc,
735 2100 811 2152 etex
823 2099 938 2152 vetusto
952 2110 1059 2166 errore,
1074 2095 1122 2166 qui
1136 2099 1204 2167 poe-

210 2175 265 2228 tam
284 2170 379 2229 omnis
399 2168 462 2229 fere
482 2173 622 2232 materiae
641 2188 738 2230 rerum
752 2187 869 2230 suarum
883 2172 1060 2231 inventorem
1074 2170 1208 2230 faciebat.

209 2246 315 2305 Verum
325 2247 399 2319 quie,
414 2247 464 2319 qui
474 2247 733 2309 Grammaticorum
745 2247 841 2308 fontes
851 2248 939 2317 norit,
951 2265 1008 2306 non
1018 2250 1150 2321 impense
1162 2247 1211 2306 de-

209 2326 339 2396 miretur,
348 2323 603 2386 neAlexendrinos
614 2325 860 2398 quidemcriticos
870 2340 968 2384 veram
979 2326 1035 2383 vim
1046 2324 1208 2398 argumenti

209 2400 356 2460 Homerici
371 2408 555 2475 perspectam
568 2404 713 2476 habuisse,
725 2419 811 2475 quem
825 2407 925 2462 nostra
937 2408 1029 2474 aetas,
1043 2418 1206 2475 quanquam

209 2494 263 2537 non
284 2477 388 2537 eodem
407 2478 511 2552 modo,
536 2482 594 2540 iam
613 2480 722 2539 dudum
742 2486 878 2538 assecuta
897 2478 991 2552 sit⁸)i
1020 2480 1115 2552 Inepti
1136 2484 1202 2537 sunt

296 2607 332 2674 90)
368 2605 406 2661 Ut
431 2605 459 2658 in
482 2605 603 2661 Prooem.
622 2622 648 2672 p.
667 2609 691 2660 8.
721 2604 777 2659 Ὅτι
803 2606 839 2658 ἐκ
866 2610 925 2675 τῆς
952 2608 1012 2658 τοῦ
1035 2604 1058 2657 Ἀ
1090 2604 1212 2663 ιλλέιος

210 2675 412 2744 ἀρξάμενος
434 2675 588 2744 μήνιδος,
614 2675 785 2745 ἀφηγήσεται
807 2675 841 2727 τὰ
864 2675 893 2727 ἐν
917 2675 988 2745 αὐτῇ
1006 2623 1206 2742 σομέεβηκότα

210 2743 284 2810 κακὰ,
304 2744 337 2796 οὐ
355 2744 440 2807 μόνον
460 2745 516 2802 τοῖς
534 2741 650 2814 Ἀχαιοῖς,
670 2744 695 2794 εἰ
712 2744 756 2796 καὶ
774 2744 882 2803 τούτοις
899 2744 942 2795 ἐπὶ
960 2743 1055 2803 πλέον,
1080 2743 1151 2805 ἀλλ’,
1175 2741 1213 2800 ὡς

210 2812 293 2877 εἰκὸς,
322 2812 366 2863 zai
390 2813 448 2870 τοῖς
471 2807 583 2880 Τρωσίν.
624 2812 745 2865 Pertinet
767 2812 820 2868 hoc
843 2828 903 2866 cum
921 2811 998 2879 eliis,
1022 2826 1090 2880 quae
1109 2810 1208 2865 ibidem

210 2879 390 2949 disputantur,
408 2879 444 2935 ad
452 2879 583 2934 celebrem
597 2881 789 2948 quaestionem,
807 2896 856 2934 cur
866 2880 1046 2934 narrationem
1059 2879 1165 2933 demum
1176 2877 1211 2933 ab

209 2947 248 3002 ira
264 2947 380 3002 Achillis
398 2963 511 3003 exorsus
533 2949 568 3002 sit
584 2949 726 3003 Homerus.
762 2949 876 3002 Diversa.
898 2949 990 3002 lature
1008 2946 1206 3016 superstitionis

210 3017 330 3084 quaesto
349 3016 410 3085 fuit,
436 3032 484 3071 cur
501 3016 713 3085 splendidissimo
731 3018 807 3085 operi
824 3017 932 3073 loedum
950 3023 978 3070 et
994 3016 1141 3071 infaustum
1158 3031 1204 3069 no·

209 3100 269 3139 men
285 3086 398 3156 μήνιδος
414 3084 578 3164 praefixerit.
613 3086 781 3140 Alterutram
800 3092 848 3140 aut
864 3086 955 3154 potius
972 3086 1051 3153 hanc,
1070 3100 1150 3154 quum
1162 3100 1210 3136 nu·

208 3167 256 3220 per
275 3170 311 3208 ex
329 3153 445 3208 Schobis
463 3154 610 3222 didicimus,
629 3154 699 3209 ridet
716 3154 829 3208 Lucian.
848 3155 878 3208 T.
897 3155 932 3208 ΙΙ.
951 3171 977 3222 p.
999 3156 1064 3222 tlt,
1087 3153 1133 3207 ubi
1150 3152 1208 3206 He-

209 3221 288 3277 delini
307 3222 414 3278 somnia
431 3223 527 3276 acerbe
546 3223 717 3292 exagitantur
735 3238 751 3275 a
769 3223 846 3277 Mose
865 3223 970 3278 Solane.

269 3312 294 3380 ι)
317 3308 343 3362 ll
361 3323 396 3361 ne
415 3306 474 3360 faut
491 3323 543 3376 que
558 3308 645 3376 jetter
661 3307 701 3362 les
718 3323 790 3377 yeux
808 3325 853 3363 sur
871 3309 975 3363 l'Iliude
993 3323 1063 3376 pour
1079 3307 1138 3362 voir
1155 3320 1208 3373 que

208 3383 249 3432 cet
266 3391 391 3444 ouvrage
410 3381 451 3429 est
468 3391 513 3456 uut
549 3377 621 3430 O’est
638 3383 748 3444 partout
763 3377 789 3430 le
806 3381 892 3432 meme
911 3377 1120 3456 butqlembme
1138 3373 1208 3440 style

208 3453 234 3499 et
250 3463 300 3516 per
319 3444 487 3511 consequent
505 3444 524 3499 ul
541 3447 586 3514 n'y
604 3459 621 3527 a
639 3446 797 3525 qu’unseul
813 3446 920 3527 homme
938 3461 984 3513 qur
1002 3450 1040 3497 ert
1057 3459 1095 3521 pu
1107 3456 1140 3494 en
1152 3441 1210 3494 etre

207 3512 561 3649 {Zumseulrroffflttguxss’lgli
578 3518 673 3582 poeme
692 3515 803 3583 eprque3
821 3530 956 3583 prmcrpes
974 3512 1007 3566 de
1025 3511 1052 3563 le
1064 3510 1210 3562 hterature.
