3034 4434
720 551 901 604 ..44-

276 713 301 752 73
315 706 376 762 Iam
401 703 426 761 si
451 701 518 761 novi
538 699 653 772 generis
680 698 824 757 scribendi
845 704 978 759 auctores
998 699 1190 773 perhibentur
1208 700 1230 756 ii
1250 699 1312 771 soli,

315 781 364 852 qui
384 780 461 838 iusta
474 777 618 837 volumina
631 775 755 835 condere
769 777 965 848 instituerumt,
979 781 1018 835 vut
1032 776 1157 835 Cadmus
1167 775 1313 848 Milesius,

314 855 497 928 Pherecydes
523 853 623 926 Syrius
649 859 679 912 et
705 852 770 924 alii,
795 853 986 911 Pisistratidis
1012 854 1164 925 aequales,
1191 854 1234 917 (in
1259 854 1314 913 hoc

315 934 390 993 enim
409 929 562 990 manifeste
581 930 672 989 omnis
692 931 812 1001 antiqua
830 927 908 989 fama
927 931 1086 1000 convenit)
1105 929 1137 987 id
1150 946 1257 1003 magno
1271 937 1315 988 est

316 1015 500 1083 argumento,
538 1009 668 1063 librorum
700 1009 898 1085 coosoeacaem·
913 1013 943 1065 et
966 1007 1045 1080 apud
1070 1007 1155 1066 Iones
1180 1013 1212 1065 ct
1236 1007 1315 1081 apud

315 1089 442 1159 reliquos
463 1085 590 1144 Graecos
609 1084 665 1142 hae
684 1084 748 1157 ipsa
768 1090 866 1143 aetate
885 1085 1012 1157 priorem
1030 1101 1088 1143 non
1106 1082 1207 1143 fuisse.

693 1307 695 1311 ’
744 1296 886 1371 XVIII.

394 1471 542 1530 Hactenus
563 1470 688 1544 experiri
708 1470 858 1542 voluimus,
879 1484 935 1541 quc
954 1468 1199 1543 progrederemur
1218 1469 1250 1528 in
1262 1470 1317 1530 hac

319 1548 531 1616 controversia,
555 1548 708 1606 universae
726 1547 867 1606 historiae
886 1547 1058 1605 testimouiIs
1079 1545 1232 1619 adhibitis,
1259 1564 1317 1607 non

317 1626 490 1684 auctoritate
510 1625 629 1684 Homeri
650 1629 681 1683 et
699 1625 881 1696 antiquorum
906 1623 1097 1696 interpretum
1122 1624 1193 1682 eius.
1226 1624 1318 1695 ,Nunc

317 1718 373 1775 age
392 1701 578 1761 attendamus
598 1702 737 1773 animum,
764 1701 833 1773 quid
853 1700 967 1759 demum
986 1700 1017 1758 hi
1036 1700 1172 1772 afferant,
1201 1702 1320 1760 reiectis

316 1786 421 1851 tamen,
442 1781 517 1837 sicut
535 1794 590 1850 par
610 1784 663 1849 est,
683 1777 729 1848 iis,
749 1777 799 1849 qui
812 1778 966 1836 vetustatis
979 1777 1116 1836 incuriosi
1130 1776 1167 1835 de
1180 1778 1319 1851 operibus

316 1857 444 1927 Homeri,
458 1854 580 1914 Hesiodi
600 1860 630 1912 et
650 1854 813 1924 aequalium
830 1853 953 1927 perinde
969 1855 1273 1926 loquunturtanquam
1283 1855 1320 1914 de

320 1932 466 2005 quibusvis
493 1931 575 1989 libris
599 1930 792 1989 bibliothecae
817 1946 903 2002 suae,
938 1933 984 1988 vel
1010 1929 1156 1988 scribendi
1178 1931 1320 1993 vocabulo

319 2012 440 2066 utuntur
458 2007 571 2079 vulgari
592 2022 690 2065 errore
704 2007 774 2078 stili,
787 2023 844 2065 non
857 2007 945 2065 animi
958 2007 1073 2067 iudicio.
1102 2007 1149 2066 Ita
1162 2008 1226 2079 ipse
1238 2009 1319 2082 mihi,

320 2085 370 2156 qui
390 2079 506 2148 ἀοιδοὺς
525 2084 589 2142 illos
609 2098 667 2142 non
686 2083 843 2157 scriptores
863 2084 916 2142 sed
936 2081 1052 2150 ἀοιδοὺς
1063 2083 1153 2142 fuisse
1167 2085 1318 2158 contendo,

318 2159 406 2219 facile
425 2176 528 2233 passus
546 2161 600 2218 sim
619 2159 791 2232 quaudoque
809 2159 881 2218 illud
898 2160 1016 2219 verbum
1036 2161 1179 2233 excidere,
1198 2177 1236 2220 ne
1247 2163 1319 2221 alte·

319 2239 380 2295 rius
394 2252 482 2310 saepe
495 2237 614 2311 repetiti
632 2237 787 2296 insolentia
800 2237 935 2296 offendat.
957 2237 1010 2297 Oui
1022 2237 1129 2298 rationi
1138 2238 1320 2298 subiicienda

318 2320 386 2372 sunt
404 2315 549 2387 permulta
568 2314 632 2374 loca
651 2321 790 2387 veterum,
819 2315 925 2373 similia
942 2315 1017 2384 istis,
1043 2331 1117 2387 quae
1143 2316 1317 2375 mentionem

318 2392 480 2463 scripturae
498 2392 607 2452 habent
626 2392 655 2448 in
668 2391 782 2464 legibus
794 2391 931 2466 Lycurgi,
951 2408 1023 2464 quas
1035 2408 1120 2451 nemo
1134 2392 1236 2451 doctus
1250 2393 1318 2452 clim

318 2469 462 2542 scriptura
487 2469 563 2528 latas
584 2469 718 2529 credidit.
758 2469 927 2541 Eodemque
946 2467 1086 2528 referrem
1105 2474 1204 2527 notum
1223 2471 1317 2528 locum

317 2546 502 2619 Apollodori,
529 2548 560 2604 iu
588 2562 645 2619 quo
672 2546 708 2605 de
730 2547 859 2605 exitiosis
879 2547 937 2603 illis
955 2546 1099 2604 mandatis
1118 2545 1219 2605 Pmeti
1237 2547 1272 2604 11.
1292 2545 1316 2613 ζ.

321 2629 385 2681 168.
406 2639 509 2682 nomen
528 2619 679 2701 ἐπιστολῆς
698 2623 790 2696 ponit,
810 2623 982 2695 praesertim
996 2638 1083 2694 quum
1097 2622 1138 2681 ibi
1150 2639 1253 2696 parum
1268 2640 1318 2698 ap·

318 2706 379 2757 tum
398 2697 502 2757 fuisset
521 2701 627 2759 exoleti
646 2701 733 2758 moris
758 2699 908 2770 indicium,
933 2715 1127 2772 negaremque
1145 2700 1317 2773 Apollodori

280 2785 305 2824 ⁷4
318 2775 374 2832 hac
400 2775 437 2833 de
461 2791 495 2832 re
519 2777 692 2834 sententiam
718 2791 752 2834 eo
773 2776 837 2834 loco
856 2776 1051 2847 quaerendam
1072 2792 1152 2850 esse,
1176 2776 1232 2834 nisi
1252 2778 1317 2851 ipsa

320 2850 408 2908 verba
423 2866 441 2908 a
454 2849 664 2922 significatione
677 2852 773 2909 iustae
787 2852 928 2925 epistolae
941 2868 1059 2925 prorsus
1073 2853 1316 2927 abhorrerentss).

320 3004 411 3057 scisse.
446 3003 478 3059 ld
501 3005 639 3073 aliquanto
662 3008 725 3072 post
751 3002 832 3057 etiam
846 3018 1002 3125 Jaaucorum
1019 3003 1072 3058 fuit
1089 3019 1124 3057 ex
1140 3019 1184 3058 ma
1222 3005 1317 3059 animis

319 3072 481 3141 Cecropidis.
517 3073 667 3127 Potuerunt
684 3081 775 3127 tamen
791 3072 845 3127 iia
881 3071 1036 3126 discendnm
1053 3073 1161 3126 inuitari
1180 3073 1186 3084 ’
1208 3074 1317 3128 oinsti·

318 3147 387 3209 tuto,
404 3158 459 3196 non
475 3141 576 3209 peiore,
594 3144 698 3211 opinor,
716 3141 897 3195 elementariis
913 3141 1010 3195 libellis
1027 3141 1133 3195 nostris.

409 3227 445 3292 ³⁶)
462 3226 503 3295 II,
527 3231 555 3294 3,
581 3231 603 3282 1.
653 3225 771 3297 Προῖτος
798 3226 898 3281 ἔδωκεν
929 3226 1117 3286 ἐπιστολὰς
1143 3227 1220 3298 αὐτῷ
1247 3229 1317 3296 πρὸς

317 3292 439 3364 Ἰοβάτην
464 3297 597 3359 νομίσαν,
620 3296 649 3347 ἐν
674 3295 718 3355 οἷς
740 3296 981 3381 &campestre
1003 3292 1230 3367 Βελλεροφόντην
1252 3297 1316 3349 ἀπο·

320 3367 436 3415 κτεῖναι·
472 3361 505 3416 ’1ο
527 3364 595 3435 άτης
617 3364 647 3416 δὲ
671 3365 725 3417 ἐπι
753 3383 835 3424 νονς
857 3363 989 3423 ἐπέταξεν
1012 3380 1036 3416 κ.
1060 3381 1084 3416 τ.
1108 3363 1133 3418 λ.
1167 3363 1243 3430 Quae
1262 3363 1315 3420 duo

317 3431 399 3485 uerba
417 3432 443 3485 in
461 3431 488 3485 h.
506 3433 523 3486 l.
561 3433 676 3487 emiuere
694 3383 819 3486 visentur
836 3430 871 3486 ad
888 3433 1049 3499 scripturam
1066 3432 1226 3500 litterarum,
1250 3433 1316 3488 talia

319 3515 376 3553 csse
396 3498 463 3568 dico,
482 3507 513 3554 ut
550 3517 564 3555 e
581 3502 652 3555 notis
664 3516 712 3555 seu
729 3501 813 3568 sigule
830 3507 942 3568 accepta
959 3501 1059 3568 optimc
1077 3500 1196 3554 habeant
1214 3507 1316 3571 etpru·

319 3568 414 3623 denter
431 3570 520 3636 posita
538 3571 598 3623 siut.
628 3568 698 3623 Nam
715 3569 866 3689 ἐῃράζειν
884 3575 1009 3691 λοωθὲοο
1026 3583 1055 3622 se
1066 3567 1185 3623 incertae
1197 3575 1315 3638 potesta·

318 3638 353 3690 tis
371 3645 419 3705 est,
437 3647 494 3690 tum
512 3645 553 3692 est
570 3637 637 3692 illud
654 3638 741 3706 ipsum
759 3652 807 3690 ver
825 3652 878 3704 um,
902 3652 938 3704 qu
991 3636 1064 3704 apud
1081 3643 1189 3706 poetam
1208 3639 1314 3707 legitur.

317 3705 391 3760 Pone
409 3723 457 3774 pro
476 3705 521 3761 illo
589 3708 693 3776 dripere,
710 3705 895 3774 trucidavere,
914 3706 1111 3778 ἐγχοράσσεινς
1133 3706 1315 3774 Importunum

318 3774 435 3828 studium
453 3775 546 3829 varian
565 3777 573 3828 i
591 3777 698 3830 senties.
733 3775 772 3828 at
788 3773 886 3826 πίνακα
903 3773 1015 3829 Homeri
1032 3776 1146 3828 mutarit
1162 3775 1191 3828 in
1208 3775 1313 3828 ἐπιστο
