3034 4434
642 566 818 620 -1c3—

715 737 759 812 L.

308 866 350 925 At
367 867 507 926 historiae
521 868 603 939 quasi
617 866 783 938 obloquitur
794 867 858 939 ipse
872 873 964 936 vates,
985 874 1016 927 et
1028 874 1129 928 contra
1141 874 1232 930 testa·

235 949 280 1002 tur
304 961 406 1002 sensus
433 945 565 1017 legentis.
605 945 706 1015 Neque
731 960 799 1001 vero
828 944 871 1002 ita
891 944 1052 1004 deformata
1073 953 1103 1005 et
1122 944 1232 1006 difficta

234 1026 299 1078 sunt
320 1020 469 1092 Carmina,
497 1028 529 1078 ut
549 1023 578 1079 in
597 1020 684 1079 rebus
705 1020 826 1091 singulis
846 1021 960 1092 priscae
981 1028 1011 1081 et
1030 1040 1100 1082 suae
1120 1022 1230 1084 formae

234 1097 315 1155 nimis
330 1097 481 1155 dissimilia
496 1114 560 1159 esse
573 1097 733 1156 viduantur.
766 1097 855 1156 lmmo
870 1104 1031 1170 congruunt
1043 1100 1074 1157 iu
1086 1100 1122 1160 iis
1136 1103 1231 1160 omnia

235 1172 324 1232 ferme
344 1175 373 1231 in
394 1174 471 1232 idem
490 1176 645 1246 ingenium,
672 1175 702 1231 in
723 1174 839 1232 eosdem
858 1176 1013 1245 morosis
1033 1176 1154 1235 eandem
1173 1176 1231 1236 for·

233 1253 341 1309 mirlam
361 1251 504 1308 sentiendi
525 1258 554 1308 et
572 1250 717 1322 loquendi.
751 1250 826 1308 Eam
845 1267 906 1308 rem
920 1252 1041 1322 quisque
1054 1253 1154 1312 intime
1167 1271 1232 1313 sen·
1275 1309 1278 1315 .

233 1330 278 1400 tit,
300 1329 350 1398 qui
370 1334 505 1385 accurate
527 1332 556 1385 et
576 1337 640 1386 cum
660 1343 746 1384 sensu
765 1327 851 1398 legit:
879 1343 914 1384 ac
933 1344 969 1385 ne
989 1327 1021 1385 id
1040 1331 1147 1388 sentias
1167 1337 1231 1389 tan·

233 1411 303 1475 tum,
323 1404 376 1461 sed
390 1406 483 1462 causis
504 1405 562 1461 suis
583 1420 749 1476 cognoscas,
769 1419 858 1476 saepe
871 1403 925 1461 tibi
938 1404 975 1462 ab
988 1405 1033 1462 his
1048 1404 1230 1466 Carminibus

233 1481 270 1539 ad
289 1480 474 1554 Apollonium
494 1480 656 1553 Rhodium,
687 1480 725 1539 ad
750 1481 822 1539 alios
842 1480 1052 1540 Alexandrinos
1078 1488 1180 1554 poetas
1201 1490 1232 1543 et

232 1559 271 1616 ad
292 1573 366 1629 eum,
393 1558 442 1628 qui
461 1559 547 1630 vulgo
567 1557 686 1616 Homeri
705 1558 801 1629 imago
821 1563 950 1629 putatur,
977 1558 1115 1630 Quintum
1135 1559 1231 1632 Smyr·

234 1651 338 1692 nasum
357 1634 609 1692 transcurrendum
630 1639 683 1691 est.
717 1633 793 1705 Quid
813 1635 929 1691 autem?
949 1634 975 1692 si
987 1633 1136 1694 mirificum
1148 1636 1230 1695 illum

233 1716 403 1770 concentum
423 1716 588 1769 revocatum
611 1711 642 1767 in
666 1711 767 1783 primis
786 1710 947 1768 Aristarchi
968 1711 1095 1784 eleganti
1113 1713 1229 1784 ingenio

233 1794 264 1846 et
284 1788 434 1846 doctrinae
454 1787 600 1846 debemus.
635 1787 730 1859 Quid?
750 1788 776 1845 si
794 1787 842 1845 hic
861 1788 925 1859 ipse
945 1788 1087 1848 Zenodoti
1107 1794 1137 1847 ct
1156 1791 1230 1848 anti·

232 1865 351 1936 quiores
376 1865 613 1936 interpolationes
638 1864 800 1935 multosque
826 1863 949 1922 absonos
973 1880 1073 1923 versus
1099 1866 1229 1938 sustulit3

233 1942 309 1999 tales
331 1940 404 2013 dico,
426 1943 526 2012 quales
546 1941 645 2014 paullo
660 1947 726 1998 ante
745 1940 901 2013 notad⁵⁰):
923 1942 1064 2018 quosqui
1077 1940 1152 2002 forte
1166 1958 1230 2000 cru·

234 2024 280 2077 tos
300 2017 382 2076 nobis
402 2019 577 2091 postliminio
596 2019 751 2076 restituere
771 2019 860 2077 vellet
879 2035 970 2078 novus
991 2018 1093 2092 editor,
1119 2019 1230 2078 ridere·
1242 2059 1283 2101 ,ω

235 2100 291 2167 tur,
311 2102 345 2151 ut
365 2096 476 2167 opinor,
496 2095 532 2153 ab
552 2095 587 2152 iis
607 2095 687 2168 ipsis,
707 2095 756 2166 qui
776 2112 852 2154 nunc
870 2094 1032 2154 Aristarchi
1052 2112 1172 2165 acumen
1191 2097 1230 2155 ri·

234 2172 313 2229 dent.
355 2170 463 2245 ouidi,
483 2173 508 2230 si
531 2171 741 2244 Aristophanes
767 2176 798 2229 et
820 2171 1007 2230 Aristarchus
1031 2173 1231 2247 comparandis

237 2249 389 2306 vetustatis
415 2249 604 2307 monumentis
629 2247 760 2306 omnibus
784 2249 933 2321 proprium
959 2250 1065 2308 aetatis
1092 2251 1231 2322 cuiusque

234 2341 336 2384 sonum
358 2331 387 2381 et
407 2324 550 2397 legitimas
570 2325 705 2395 antiquae
725 2325 864 2383 orationis
883 2322 990 2382 formas
1010 2327 1180 2400 calluerunt,
1201 2332 1232 2385 et

235 2401 324 2460 iidem
338 2401 466 2473 Hymnos
480 2407 650 2472 ceterosque
663 2400 761 2472 libros,
780 2401 848 2458 olim
860 2416 965 2472 magno
979 2418 1097 2460 numero
1111 2403 1232 2461 Homeri

236 2479 350 2537 nomine
371 2477 542 2549 sorditatas,
563 2483 699 2548 tanquam
719 2477 833 2550 spurios
852 2476 1008 2535 Homerica
1027 2475 1136 2535 familia
1155 2495 1230 2537 sum·

232 2560 392 2625 moverunt,
413 2555 555 2627 primique
574 2555 603 2611 in
623 2555 677 2612 hoc
697 2569 803 2626 genere
823 2553 936 2611 altioris
956 2568 991 2610 ac
1010 2553 1168 2612 subtilioris
1188 2555 1231 2611 iu·

233 2632 316 2704 dicii,
341 2631 393 2689 sed
421 2631 582 2690 hominibus
603 2630 721 2689 Graecis
745 2630 838 2688 minus
872 2627 1010 2699 difficilis,
1035 2631 1231 2689 excelluerunt
1304 2653 1308 2660 ’

232 2715 322 2781 atque
340 2709 492 2781 praeclara
512 2708 643 2779 exempla
662 2706 857 2780 dederuntll).

303 2871 339 2932 ⁵⁰)
365 2869 398 2921 In
420 2866 491 2922 notis
512 2871 554 2922 45.
573 2873 600 2920 et
617 2869 659 2920 46.
702 2865 813 2933 Illisque
839 2864 963 2920 addenda
984 2864 1092 2920 ridetur
1113 2867 1230 2922 maxima

234 2953 296 3006 pars
314 2952 439 2991 versuum
457 2951 558 3002 eorum,
577 2935 623 3003 qui
640 2934 668 2987 in
684 2935 791 3003 vulgari
809 2941 900 2989 nostro
918 2939 996 2988 textu
1013 2934 1102 2990 adhuc
1117 2935 1230 2990 haeren-

236 3017 284 3073 tes,
303 3005 368 3058 mihi
385 3005 506 3073 plerique
524 3002 652 3069 uncinati,
681 3001 760 3070 plane
779 3002 876 3056 absunt
893 3001 927 3056 ab
947 3002 1049 3070 optimo
1067 3004 1159 3059 codice
1177 3002 1230 3059 Vc·

234 3083 307 3128 neto.
351 3072 470 3126 Numero
492 3078 555 3125 sunt
576 3075 618 3125 46.
658 3070 716 3124 Nec
736 3071 833 3124 horum
859 3071 944 3139 magis
967 3087 1047 3138 quam
1063 3071 1170 3126 illorum
1195 3072 1229 3128 ab

235 3141 362 3196 Eustath.
381 3147 545 3194 servatorum
563 3138 690 3211 indicium
709 3137 739 3191 fit
756 3139 785 3192 in
802 3138 915 3193 Scholiis
932 3139 1038 3193 nostris.

304 3229 340 3291 ⁵1)
357 3225 452 3294 Neque
470 3224 555 3278 solum
572 3225 600 3277 in
616 3225 737 3293 Hymnis,
756 3230 787 3277 ut
804 3231 877 3292 puto.
908 3224 978 3278 Nam
995 3225 1030 3279 ad
1047 3225 1107 3280 illos
1123 3225 1237 3294 potissi·-

236 3312 308 3349 mum
327 3295 439 3348 criticos
457 3293 498 3346 vel
516 3293 660 3360 discipulos
677 3309 769 3347 eorum
786 3293 932 3361 retulerim,
950 3293 1023 3361 quod
1041 3294 1236 3349 eruditioribus

234 3362 371 3417 aetatibus
393 3361 494 3416 nullum
519 3361 657 3414 ferebatur
678 3361 888 3428 ὁμολογούμενον
911 3363 1026 3430 γράμμα
1048 3369 1097 3431 τῆς
1117 3362 1229 3431 Ὁμήρου

237 3432 370 3549 cordacitus
388 3429 584 3549 upfgssdrssboq
602 3429 1028 3552 ¹¹⁸.³5⁸19801'h·1{‚⁷f⁰‘'3!²⁰.⁰⁶‘5i⁹
1041 3430 1178 3553 {perficite
1199 3447 1228 3481 ον

237 3499 365 3634 diat.
395 3508 1231 3647 “iijlhi‘iiiiididia¹l¹aii¹ioiliai¹i¹¹lse01

236 3633 405 3703 quodmodo
423 3633 487 3701 drxr,
509 3634 611 3686 nullum
629 3633 769 3689 doctorum
784 3635 1026 3690 Alexandrinorum
1043 3649 1089 3687 eos
1106 3650 1155 3701 pro
1173 3632 1229 3687 Ho-

238 3703 335 3758 mereis
351 3702 491 3781 habuisse..
518 3701 608 3755 Etiam
630 3701 676 3756 hic
697 3702 804 3757 silentia
821 3705 973 3772 loquuntur.
1001 3700 1063 3754 Non
1081 3701 1152 3769 quod
1169 3701 1230 3755 tali·

233 3769 287 3825 bus
305 3769 542 3838 significatrombus
553 3769 666 3824 multum
679 3770 803 3839 tribuam,
821 3773 907 3841 qualis
919 3776 960 3825 est
972 3784 1015 3838 ap.
1026 3769 1150 3837 Apollom
1160 3769 1232 3824 Lex.

1038 3863 1078 3898 u·
