3034 4434
634 849 824 934 PARS
869 850 901 930 Ι.

720 1083 824 1158 VIII.

329 1219 390 1277 lam
410 1219 534 1292 primum
553 1220 657 1283 subeat
677 1220 790 1293 mirari,
811 1236 871 1293 cur,
893 1236 980 1291 quum
1001 1223 1059 1276 tam
1080 1235 1148 1278 raro
1169 1220 1200 1276 in
1219 1219 1277 1279 Ηο-

272 1311 351 1355 mero
373 1296 507 1368 graviora
527 1298 598 1356 vitia
618 1298 772 1370 offendant,
793 1302 904 1355 tantum
925 1303 1022 1354 tamen
1042 1312 1150 1368 operae
1172 1298 1202 1353 in
1217 1313 1276 1356 cor-

270 1374 398 1433 rectione
419 1373 482 1432 eins
500 1375 663 1447 ponendum
677 1380 811 1433 statuam.
851 1374 1036 1447 Apollonium
1049 1373 1196 1430 Rhodium
1211 1390 1274 1432 con-

272 1450 369 1523 tende,
390 1451 531 1523 quomodo
554 1457 621 1509 ante
634 1451 812 1510 Brnnokium
825 1450 986 1523 legebatur,
1004 1450 1053 1507 vel
1068 1450 1168 1520 Quinti
1183 1450 1277 1523 Smyr·

270 1528 338 1586 naci
359 1529 446 1586 etiarn
466 1544 542 1586 nunc
561 1529 782 1587 mendosissime
802 1528 994 1601 exemplaria3
1015 1543 1084 1583 sane
1098 1543 1155 1585 non
1169 1528 1277 1598 poterit

270 1608 315 1662 tot
335 1604 458 1662 saeculis
480 1607 625 1676 antiquior
650 1611 732 1664 vatos
757 1622 815 1664 non
843 1612 873 1662 et
899 1604 1102 1676 integerrimus
1128 1604 1223 1661 videri
1249 1611 1278 1662 et

271 1681 532 1740 emendatissimus.
572 1682 611 1740 At
632 1683 746 1754 qualern
760 1684 906 1754 integrum
921 1681 1027 1738 librum
1041 1680 1162 1738 dicimus
1177 1681 1278 1740 critico

271 1759 388 1830 quidem
408 1760 515 1817 sensu?
554 1758 641 1816 Haud
663 1774 726 1816 curn
747 1757 888 1831 profecto,
909 1759 958 1829 qui
971 1757 1080 1828 absque
1094 1756 1205 1816 offensa
1219 1758 1278 1831 legi

165 1894 168 1901 ,
271 1836 373 1908 possit,
396 1842 425 1893 et
445 1837 474 1892 in
496 1851 551 1906 quo
571 1835 643 1891 nihil
663 1839 702 1892 sit
722 1836 850 1906 eleganti
871 1832 1072 1892 consuetudini
1092 1838 1233 1894 sermonis
1248 1842 1277 1893 et

269 1913 390 1982 reliquis
411 1916 490 1969 recte
511 1911 656 1968 scribendi
675 1910 789 1982 legibus
815 1910 998 1968 contrarium.
1038 1909 1080 1968 Ut
1104 1911 1177 1968 nihil
1202 1912 1277 1970 eius-

270 1986 349 2045 modi
369 1984 407 2043 sit
427 1988 456 2042 in
477 1987 594 2058 vulgato
614 1992 710 2057 textu,
731 2003 789 2046 non
809 1986 944 2046 continuo
964 2003 1017 2059 pro
1038 2003 1111 2059 puro
1132 1995 1162 2045 et
1182 2005 1277 2047 ernen-

270 2062 339 2121 dato
368 2062 519 2120 habendus
550 2063 621 2133 erit3
654 2064 740 2123 immo
765 2079 966 2134 nonnunquam
994 2063 1030 2121 ob
1056 2063 1086 2120 id
1110 2064 1222 2138 ipsum,
1253 2067 1278 2124 si

270 2138 411 2197 eiusmodi
437 2138 507 2196 nihil
527 2140 609 2212 insit,
637 2145 719 2199 tanto
744 2142 837 2213 magis
865 2156 1003 2212 germana
1028 2142 1198 2212 integritate
1225 2159 1279 2200 sua

270 2213 423 2274 fraudatus
445 2231 510 2274 esse
530 2216 671 2275 videatur.
711 2218 777 2277 Non
798 2217 897 2276 dubito
918 2216 994 2290 iore,
1023 2218 1072 2288 qni
1091 2219 1146 2276 hoc
1172 2218 1278 2277 subab-

269 2293 356 2351 surde
384 2291 442 2351 dici
469 2294 631 2366 opinentur.
677 2294 736 2353 Sed
762 2295 921 2353 sitantum
947 2295 1120 2366 scriptorum
1145 2301 1277 2353 veterum

200 2371 203 2375 ’
268 2385 357 2443 supra
377 2375 456 2428 recte
475 2371 565 2428 retuli
584 2371 622 2429 ad
635 2375 780 2444 foetorum
799 2375 987 2428 biatorr‘oorum
1004 2371 1221 2445 spectationem,
1243 2373 1273 2429 in

230 2465 255 2505 aa
270 2462 305 2506 eo
326 2447 529 2508 constituendo
549 2449 657 2508 nullam
678 2450 805 2522 speciem
825 2449 1039 2522 probabilitatis
1062 2464 1097 2505 ex
1117 2464 1205 2506 sensu
1219 2450 1278 2507 ele-

273 2525 390 2598 gantiae
411 2525 542 2598 ductam,
570 2542 670 2585 verum
689 2527 782 2600 proba
803 2532 833 2584 et
858 2526 929 2584 satis
954 2526 1073 2597 antiqua
1099 2526 1279 2598 exemplaria

269 2603 463 2676 principatum
489 2602 598 2662 habere
624 2619 744 2662 necesse
771 2609 824 2661 est.
864 2602 967 2674 Longe
992 2607 1088 2660 autem
1114 2600 1194 2659 aliud
1222 2609 1277 2674 est,

268 2682 298 2738 in
328 2681 502 2752 optimorum
531 2681 650 2739 testium
675 2678 732 2736 fide
758 2677 918 2752 spectanda
939 2679 1020 2750 leges
1041 2679 1180 2737 historiae
1211 2695 1276 2745 con·

267 2757 390 2828 iungere
410 2771 475 2813 curn
496 2772 550 2813 usu
569 2756 695 2828 linguae,
717 2770 898 2812 cumrerum
920 2754 1054 2813 doctrina
1077 2759 1165 2826 atque
1189 2772 1285 2814 sensu·

268 2831 396 2904 pulchri3
417 2831 512 2900 aliud,
532 2831 587 2890 hoc
607 2832 739 2891 volaticov
752 2847 839 2889 sensu
858 2837 997 2902 tanquam
1017 2832 1133 2891 ventulo
1155 2833 1274 2906 impelli,

268 2911 310 2980 ut,
331 2923 519 2980 quaecunque
539 2907 626 2966 lectio
646 2913 769 2966 venusta
789 2912 819 2966 et
838 2907 988 2967 commoda
1014 2908 1182 2981 obiiciatur,
1208 2925 1275 2969 ean·

268 2983 336 3042 dem
358 2999 455 3042 veram
477 2990 508 3042 ct
527 3000 693 3057 germanam
717 3000 782 3043 esse
807 2984 967 3046 credamus.
1009 2985 1103 3059 Saepe
1130 2986 1206 3045 enim
1231 3001 1277 3045 sc·

268 3061 381 3120 veriore
401 3061 518 3134 iudicio,
539 3061 615 3134 quod
636 3062 887 3121 a³veterrimarum
900 3063 1107 3122 auctoritatum
1120 3063 1275 3124 collatione

267 3136 430 3196 ducendum
451 3144 510 3211 est,
535 3140 622 3212 plane
643 3136 780 3213 efficitur,
807 3155 843 3199 ea
862 3155 961 3199 omnes
980 3153 1114 3198 numeros
1141 3140 1273 3200 veritatis

266 3213 384 3287 habore,
415 3215 444 3271 in
478 3215 580 3286 quibus
610 3215 752 3275 maximae
772 3215 899 3275 offensae
924 3217 997 3287 sint,
1024 3216 1083 3274 alia
1108 3222 1206 3275 autem
1232 3218 1276 3274 in·

267 3295 365 3349 certae
390 3297 441 3349 ant
464 3292 570 3351 nullius
597 3290 665 3351 fidei
686 3308 765 3366 esse,
796 3309 871 3365 quae
900 3307 1041 3367 perquam
1071 3292 1216 3365 probabili
1245 3298 1274 3352 et

266 3364 370 3426 festivo
391 3383 478 3426 sensu
496 3369 617 3427 niteant.

325 3442 401 3514 Quid
421 3461 503 3518 vero,
524 3446 549 3502 si
568 3462 605 3505 nc
624 3447 719 3504 nitent
738 3445 855 3518 quidem
874 3447 1006 3520 vulgata,
1036 3461 1111 3519 qnae
1131 3447 1276 3519 antiquio·

266 3535 331 3578 rum
349 3519 488 3580 librorum
507 3523 659 3581 consensui
678 3522 890 3581 adversantur?
931 3522 990 3582 Sed
1011 3524 1077 3583 nolo
1098 3523 1196 3582 statim
1210 3524 1272 3582 eius

267 3597 383 3670 generis
404 3599 536 3672 exempla
555 3597 699 3672 proferre,
718 3599 823 3672 vqualia
842 3599 900 3658 iam
921 3601 989 3659 olim
1017 3598 1173 3673 quaedam,
1200 3601 1272 3659 satis

303 3672 404 3733 avibus
418 3673 455 3732 de
469 3675 573 3750 causis,
587 3682 670 3735 textu
683 3676 771 3748 eieci;
789 3682 822 3735 nt
834 3675 869 3734 Π.
880 3673 912 3750 β.
927 3683 993 3736 451.
1008 3672 1144 3749 ἑκάστου,
1157 3696 1183 3754 q.
1205 3678 1270 3736 337.

285 3769 299 3810 ν
316 3748 422 3829 πεδίῳ,
442 3747 472 3809 θ.
488 3757 552 3813 563.
574 3753 664 3826 (559.)
680 3750 779 3823 σέλας,
798 3772 826 3810 κ.
841 3759 907 3814 328.
924 3750 1011 3829 βάλε,
1027 3773 1058 3830 μ.
1080 3759 1145 3813 343.
1161 3748 1274 3824 Αἴαντε,
