3034 4434
536 541 805 596 .4.91..

213 699 330 765 sumpta,
352 691 483 751 edixisse
501 690 695 762 Pleuratum,
715 696 749 748 ut
769 705 805 748 ex
823 689 901 750 omni
915 688 1040 749 Graecia
1053 688 1217 749 deferretur
1229 697 1268 738 1⁴2

214 768 245 827 ad
256 784 298 842 se,
320 769 348 827 si
369 768 440 841 quid
453 768 639 827 Homericum
659 768 772 840 uspiam
785 767 900 826 lateret
933 767 980 825 Ita
989 768 1136 826 inventum
1149 783 1216 840 pas·

215 846 260 904 sim
280 861 360 918 esse,
381 846 432 918 qui
453 852 568 904 centum
588 861 700 917 versus,
722 844 820 915 alium,
840 844 890 916 qui
908 844 996 917 mille,
1017 844 1106 903 alium
1119 845 1216 915 etiam,

215 924 256 995 qui
274 924 420 982 maiorem
439 938 592 981 numerum
612 919 767 981 conferret.
808 920 919 993 Quibus
939 921 1070 979 omuibus
1090 923 1217 994 receptis

215 1000 399 1072 collectisque
418 999 513 1072 ipsum
532 1000 632 1058 statim
651 1014 847 1071 congregasse
865 996 977 1056 LXXII
998 997 1217 1071 Grammaticos,

215 1078 361 1147 (Aristeae
380 1074 509 1136 fabulam
530 1076 616 1135 audis
636 1076 673 1134 de
687 1075 799 1134 LXXII
811 1075 1021 1148 interpretibus
1034 1074 1217 1146 Bibliorum,)

214 1169 320 1290 ffiua
339 1154 461 1212 iussIsse
481 1154 557 1290 hago
575 1152 750 1288 farratginem
766 1153 795 1210 in
808 1153 916 1211 iustum
928 1151 1060 1287 {udinezm
1072 1151 1218 1289 1*θᾶἰίῗέωέ

286 1247 324 1290 oc
352 1246 491 1290 consessu
537 1247 647 1290 ramma
672 1246 771 1289 corum
795 1245 867 1301 prae
893 1245 927 1287 ce
941 1245 999 1287 ens
1043 1245 1097 1288 eno
1118 1247 1135 1288 ο
1187 1245 1204 1287 e

213 1307 383 1366 Aristarcho
413 1308 493 1367 locus
514 1315 572 1374 est,
604 1323 703 1367 errore
722 1307 905 1379 turpissimo,
932 1322 1027 1378 aquo
1047 1313 1144 1365 tamen
1164 1322 1218 1364 nec

213 1384 387 1444 Eustathius
406 1400 461 1443 uec
480 1384 659 1444 recentiores
679 1383 797 1456 quidam
811 1383 890 1442 docti
909 1384 1144 1452 recesserrmt10).
1166 1385 1218 1442 At·

214 1479 268 1534 que
287 1462 374 1520 huius
394 1463 479 1520 unius
499 1459 615 1520 fabulae
634 1463 809 1521 auctoritate
829 1477 860 1519 se
881 1466 1018 1518 tueantur
1030 1461 1059 1533 ii,
1081 1461 1131 1533 qui
1144 1460 1218 1518 Pisi·

214 1545 336 1598 suatum
356 1555 413 1598 uon
433 1540 528 1611 prima
553 1539 699 1610 scriptura
719 1538 872 1609 collegisse
900 1543 930 1595 et
950 1537 1127 1610 disposuisse
1148 1536 1218 1595 Gar·

214 1617 299 1688 mina,
321 1615 375 1675 sed
395 1615 545 1688 distracta
572 1615 716 1688 dissipata
736 1621 767 1674 et
787 1615 899 1674 diuulsa
917 1616 1082 1673 restituisse
1102 1622 1218 1673 couten-
1230 1631 1270 1671 rso

215 1693 340 1764 duut¹¹);
379 1693 451 1764 Nos,
472 1694 522 1765 qui
544 1693 620 1752 scire
641 1693 724 1752 nohis
744 1692 883 1764 videmur,
904 1691 973 1764 quid
993 1692 1070 1750 inter
1090 1689 1217 1750 fabulam

215 1778 244 1829 et
261 1770 414 1829 historiam
434 1771 557 1843 intersit,
578 1770 639 1828 illic
658 1770 809 1829 historiam
838 1770 891 1828 sub
921 1767 1019 1827 fabula
1044 1770 1217 1828 occultatam

215 1848 406 1920 agnoscimus,
431 1848 516 1906 simili
542 1847 699 1906 eruendam
719 1847 824 1912 modo,
857 1864 913 1919 quo
939 1847 1046 1904 versati
1071 1853 1138 1904 suut
1163 1846 1219 1903 viri

216 1926 294 1984 docti
314 1925 345 1983 in
364 1925 484 1984 Iudaico
504 1930 664 1983 commento
685 1925 721 1983 de
741 1923 824 1982 LXX
843 1922 1101 1997 interpretibus12).

625 2136 808 2213 XXXIV.

293 2309 404 2382 Quodsi
426 2326 462 2368 ex
482 2312 628 2369 sententia
649 2317 780 2368 veterum
800 2326 883 2369 nemo
904 2316 971 2368 ante
985 2309 1167 2368 PIsistratum
1182 2311 1220 2367 de

214 2387 269 2445 hac
282 2388 535 2459 coagmentatione
546 2404 665 2460 operum
676 2385 894 2445 Homericorum
906 2386 982 2453 serio
993 2388 1140 2457 cogitavit,
1156 2387 1219 2456 quis

215 2464 325 2534 credat,
347 2480 421 2535 eam,
445 2465 573 2536 quamtis
593 2465 764 2521 meditatam
786 2470 853 2521 aute
874 2471 904 2522 et
923 2465 1100 2531 instructam,
1121 2462 1220 2519 statim

214 2547 274 2599 tum
296 2541 430 2599 omnihus
451 2542 584 2613 partibus
604 2540 766 2599 absolutam
787 2541 939 2613 prodiisse,
966 2546 996 2597 et
1015 2540 1102 2597 talem
1124 2540 1219 2611 plane,

215 2619 330 2689 qualern
351 2633 428 2675 rrunc
448 2617 599 2676 videmus?
620 2617 744 2690 Oportet
764 2617 844 2675 illurn
864 2619 935 2676 satis
955 2617 1100 2687 hahuisse,
1121 2617 1145 2673 si
1159 2615 1221 2688 ple·

215 2711 325 2767 raeque
339 2693 515 2767 rhapsodIae
530 2701 600 2768 apto
614 2694 708 2753 ordini
721 2692 923 2766 redderentur,
937 2695 1073 2766 sepositis
1087 2695 1131 2767 iis,
1146 2709 1221 2765 quae

214 2772 312 2831 tenori
332 2772 437 2829 summi
457 2772 620 2845 argumenti
639 2770 797 2844 officerent,
817 2773 886 2830 licet
906 2773 1013 2844 passim
1034 2771 1144 2844 aliquid
1164 2771 1221 2830 dis-

301 2989 337 3051 1⁰)
373 2986 439 3040 Post
462 3001 573 3053 magnos
599 2985 789 3053 compilatores
806 2985 942 3038 Historiae
966 2984 1123 3037 univorsaIIs
1141 2983 1221 3036 istum

215 3071 350 3123 errorem,
377 3053 424 3106 rix
440 3054 618 3108 Anacharsidi
633 3053 748 3122 Scythae
773 3052 979 3121 Ignosceudum‚
1004 3052 1107 3105 omissis
1131 3059 1221 3104 tamen

214 3123 369 3178 nominibus
382 3121 621 3176 Grammaticorum
640 3122 749 3189 repetiit
761 3122 923 3174 Barthelem.
937 3122 964 3173 in
977 3120 1078 3174 Introd.
1098 3121 1132 3174 ad
1150 3119 1222 3172 illius

215 3193 318 3247 Itinera
336 3192 366 3245 P.
385 3190 407 3243 l.
427 3197 494 3244 extr.
519 3191 565 3244 ubi
583 3200 674 3244 cetera
693 3206 799 3258 quoque
817 3190 930 3244 historia
948 3191 1027 3244 Hom.
1052 3206 1163 3257 operum
1187 3187 1222 3241 ad
1292 3199 1295 3204 ·

214 3261 355 3330 uulgarem
373 3258 481 3314 modum
499 3267 631 3313 narratur.

283 3350 320 3414 11)
338 3345 422 3399 Plane
440 3344 492 3399 hoc
509 3345 626 3399 traditur
643 3362 695 3398 uuo
714 3363 797 3412 parvo
817 3344 931 3408 Schoho,
949 3344 978 3397 iu
995 3343 1097 3396 Auecd.
1109 3342 1154 3395 Gr.
1174 3341 1222 3394 ibi·

215 3416 274 3472 dem
308 3413 398 3469 edito:
434 3413 549 3481 Λέγεται
573 3416 616 3466 ὅτι
639 3418 723 3482 cerepi
745 3416 852 3483 άφησαν
882 3413 933 3464 ὑπὸ
961 3411 1162 3479 Πεισιστράτου
1188 3409 1222 3461 τὰ

212 3484 337 3556 Ὁμήρου
356 3481 503 3602 congraum,
532 3482 576 3533 καὶ
593 3482 662 3533 κατὰ
680 3416 758 3541 ragau
779 3483 965 3550 συνετέθησον
985 3480 1017 3532 τὰ
1037 3480 1097 3548 πρὶν
1118 3480 1220 3545 europei·

215 3555 262 3624 δην
281 3554 327 3606 καὶ
348 3554 387 3610 ὡς
420 3565 504 3621 soles
523 3552 770 3619 ἀναγινωσκόμενα,
797 3552 839 3602 διὰ
866 3551 898 3602 τὸ
917 3551 966 3620 τὴν
985 3549 1109 3617 cippario
1130 3545 1220 3596 αὐτῶν

214 3629 252 3696 τῷ
267 3622 371 3695 χρόνῳ
388 3620 598 3687 διασπασθῆναι.

284 3708 322 3772 12)
340 3704 379 3759 Ut
397 3704 549 3758 acutissime
562 3704 679 3758 omnIum
692 3704 838 3760 EIchhoru.
850 3705 878 3757 in
890 3703 1000 3772 Repert.
1012 3701 1075 3754 bibl.
1087 3708 1116 3753 et
1127 3697 1222 3753 orient.

212 3779 264 3832 litt.
284 3776 318 3830 T.
337 3774 359 3827 L
378 3788 405 3840 p.
423 3775 481 3826 266.
489 3788 546 3841 sqq.
