3034 4434
654 530 835 583 -93-

235 677 404 736 tenuissimo
424 676 556 748 vestigio
574 682 643 735 nota
662 675 762 744 luerit,
782 682 812 735 et
825 693 861 735 ne
875 693 950 736 nuno
963 679 1077 749 quidem
1091 680 1168 739 ratio
1182 680 1244 738 eins

236 770 355 825 usquam
375 759 517 812 accurate
539 754 707 826 explicetur,
727 752 845 812 difficile
866 761 911 812 est
931 755 968 812 de
988 772 1024 814 ea
1043 757 1152 828 aliquid
1172 758 1245 815 certi

239 837 377 889 statuere.
418 830 560 888 Attamen
580 837 748 903 comparata
768 832 818 888 illa
838 831 945 890 indicia
963 832 1116 893 manifesto
1131 835 1244 907 docent,

237 905 454 971 διασκευαατὰς
467 923 526 966 non
539 908 652 980 ignotos
667 908 806 980 quosdam
820 915 953 967 auctores
968 911 1131 968 criticorum
1146 928 1245 969 recen·

239 985 349 1044 siouum
370 984 523 1043 habendos
545 1000 616 1057 esse,
638 985 675 1042 de
695 984 798 1056 quibus
816 985 878 1049 ,alia
898 987 1037 1046 vocabula
1057 989 1087 1045 in
1101 1006 1155 1046 usu
1169 996 1244 1061 sunt,

241 1061 290 1119 sed
311 1069 467 1120 exactores
489 1078 542 1118 seu
562 1063 710 1135 politores,
733 1063 782 1133 qni
797 1064 842 1120 vol
861 1080 919 1121 nna
939 1080 1003 1122 cnm
1023 1065 1179 1126 Pisistrato
1199 1067 1245 1124 vel

238 1139 335 1211 paullo
356 1145 424 1211 post
445 1137 540 1196 eidem
560 1141 641 1212 operi
661 1156 776 1197 manum
796 1140 1029 1213 admoverint14).

316 1215 375 1274 Sed
396 1215 512 1274 omnino
533 1215 649 1274 dubium
671 1232 735 1273 esse
755 1217 890 1288 arbitror,
911 1234 976 1276 nunt
997 1220 1052 1292 ipsi
1066 1226 1180 1279 veteres
1194 1223 1243 1278 uni
1257 1251 1295 1290 153

238 1292 394 1367 Pisistrato
414 1292 570 1349 tribuerint
588 1295 737 1365 negotium
752 1293 833 1365 illud,
854 1311 900 1365 au,
921 1301 953 1352 ut
967 1312 1056 1368 saepe
1066 1295 1185 1369 faciunt,
1206 1299 1243 1356 ad

239 1386 304 1426 eum
324 1375 475 1428 auctorem
495 1369 664 1441 retulerint,
693 1370 769 1441 quod
796 1370 915 1429 hortatu
940 1373 1000 1430 eins
1022 1378 1052 1431 et
1071 1376 1244 1432 auctoritate

239 1444 349 1504 factum
369 1447 417 1503 sit.
444 1445 613 1519 Hipparcho
635 1447 760 1519 quidem,
781 1447 927 1506 Pisistrati
941 1448 1000 1507 filio
1014 1456 1084 1508 natu
1099 1452 1200 1509 minori
1215 1458 1245 1510 et

240 1525 268 1580 in
289 1523 341 1581 illa
361 1522 485 1580 Athenis
504 1523 694 1582 saluberrima
714 1524 867 1596 tyrannide
887 1541 951 1582 curn
971 1525 1061 1584 fratre
1075 1530 1243 1602 successori,

240 1601 414 1672 ascriptore
428 1599 538 1672 dialogi
550 1599 702 1672 Platonici,
717 1602 766 1672 qni
779 1617 883 1659 nornen
896 1603 973 1660 illius
983 1621 1037 1676 pro
1051 1605 1136 1663 titulo
1146 1605 1244 1678 habet,

238 1683 297 1735 tem
313 1674 486 1748 magnificae
502 1683 600 1749 partes
620 1678 805 1749 assignantur
823 1679 853 1734 in
872 1679 1045 1739 celebrando
1055 1681 1191 1753 Homero,
1211 1688 1245 1739 nt

239 1759 355 1827 patrem
377 1755 407 1810 in
428 1753 529 1812 labore
548 1754 702 1826 colligendi
718 1760 748 1812 et
762 1754 933 1827 disponendi
947 1757 992 1814 vel
1005 1758 1035 1814 in
1048 1759 1148 1830 primis
1163 1758 1244 1815 adin·

240 1833 327 1903 risse,
349 1830 396 1889 vel
417 1831 567 1889 consilium
587 1838 740 1904 paternum
761 1837 913 1890 exsecutus
934 1849 1007 1905 ease,
1028 1841 1115 1906 atque
1135 1834 1164 1891 id
1179 1852 1244 1894 cum

239 1908 406 1968 amantibus
431 1907 594 1966 litterarum
617 1909 845 1968 communicasse
870 1909 964 1969 videri
983 1911 1128 1984 possitlll.
1168 1912 1243 1971 Nam

307 2107 345 2174 ¹4)
367 2103 457 2173 Vulgo
482 2102 575 2171 ignota
592 2109 633 2158 est
650 2103 690 2157 vis
708 2102 780 2157 illius
797 2103 934 2168 vocabuli,
958 2104 991 2158 de
1009 2121 1063 2173 qua
1081 2095 1243 2174 quaerimus,

239 2189 327 2243 neque
352 2172 437 2227 allata
460 2186 477 2226 a
503 2171 638 2240 Stephano
666 2177 694 2224 et
716 2171 817 2225 Scotto.
869 2173 907 2224 At
930 2173 996 2225 satis
1019 2189 1078 2226 eam
1106 2173 1243 2228 declarant

239 2242 347 2296 Scholia
375 2240 409 2294 ad
434 2255 514 2294 unam
531 2239 720 2309 Aristophanis
738 2239 870 2307 fabulam,
899 2240 991 2294 Nubes
1008 2258 1033 2295 r.
1051 2245 1110 2295 552.
1129 2249 1156 2294 et
1174 2247 1242 2322 591,

239 2317 295 2364 tum
314 2311 391 2364 loeus
408 2309 437 2362 in
455 2308 594 2376 praeclaro
606 2310 782 2376 Argumento,
800 2307 872 2377 quod
891 2317 1016 2377 quartum
1034 2315 1076 2361 est
1093 2309 1121 2362 in
1133 2309 1243 2363 Kusterr

240 2379 303 2432 edit.
340 2377 440 2432 Exhis
458 2377 562 2431 collatis
579 2383 702 2445 apparet,
722 2378 906 2436 διασκευάζειν
926 2393 942 2430 a
959 2377 1096 2431 veteribus
1108 2378 1243 2445 magistris

238 2447 372 2501 adscitum
390 2461 448 2499 esse
467 2445 495 2497 in
512 2449 674 2512 potestatem
691 2445 767 2499 uerbi
779 2447 1018 2508 ἐπιδιασνιευάζειν,
1037 2452 1068 2499 ut
1085 2446 1113 2499 in
1125 2445 1243 2500 Scenicia

239 2530 326 2582 prope
345 2515 417 2568 idem
436 2519 507 2566 esset
525 2514 597 2580 quod
614 2514 811 2582 ἀναδιδάσκειν,
829 2514 855 2567 h.
869 2529 892 2567 e.
909 2517 1015 2581 repetito
1034 2516 1184 2566 committere
1195 2520 1242 2583 sa·

239 2586 333 2650 ὁιιίααι,
356 2584 401 2634 aad
418 2582 549 2650 mutando,
573 2584 702 2644 addendo,
721 2583 878 2634 detrahendo
896 2583 1062 2642 emendatam,
1089 2584 1200 2646 reficiam
1219 2593 1242 2634 et

237 2651 360 2704 secandis
383 2653 455 2703 curia
481 2650 640 2703 elaboratam.
683 2650 715 2704 Id
740 2651 810 2704 enim
833 2651 922 2704 facere
947 2649 1069 2705 solebant
1086 2650 1126 2702 illi
1143 2656 1241 2718 potitae

240 2718 406 2787 saepissime,
421 2733 486 2772 mox
503 2717 583 2771 etiam
602 2717 656 2786 alii,
683 2724 714 2771 ut
731 2718 910 2787 Appollonius
927 2718 1014 2773 Rhod.
1048 2717 1144 2787 Neque
1162 2718 1241 2772 alitor

240 2788 319 2842 Plato
338 2786 403 2842 fecit
420 2787 449 2839 in
468 2803 483 2839 o
504 2786 575 2840 timis
594 2786 707 2855 dialogis
726 2788 796 2856 suis;
822 2803 903 2857 quam
921 2786 955 2840 ob
974 2802 1081 2841 causam
1100 2788 1241 2855 exquirere

238 2873 292 2910 uon
311 2855 384 2923 licet,
403 2801 510 2923 quand>
528 2855 641 2923 quisque
658 2856 823 2923 compositus
842 2856 885 2921 sit,
904 2871 986 2923 quum
1003 2854 1030 2907 in
1044 2855 1156 2910 scenicis
1166 2855 1241 2910 sahu-

236 2924 268 2977 lis
286 2923 383 2978 saltem
401 2939 436 2976 ex
455 2921 606 2977 didascaliis
625 2923 783 2992 plerumque
801 2931 895 2978 notum
907 2924 942 2977 sit
953 2930 1067 2992 tempus,
1086 2940 1139 2992 qno
1153 2923 1241 2979 editae

236 2998 306 3047 sunt.
343 2991 412 3046 Dei
433 2991 469 3045 sis
486 2991 570 3059 igitur
587 2992 741 3046 auctoribus
759 2993 820 3046 libri
838 2993 966 3046 usitatum
984 2998 1025 3045 est
1041 2993 1162 3061 verbum,
1186 2993 1242 3046 sive

236 3060 268 3115 de
285 3061 327 3130 iis,
346 3060 394 3130 qni
423 3059 429 3071 ’
459 3075 504 3113 am
520 3059 616 3114 alienis
633 3060 709 3114 libris
727 3059 900 3129 adhibebant,
918 3077 972 3114 non
989 3059 1021 3113 de
1037 3061 1143 3115 criticis
1151 3067 1242 3130 poste-

235 3130 337 3184 riorum
356 3127 533 3184 saeculorum.

303 3217 340 3284 1⁵)
359 3213 449 3270 Notus
467 3213 541 3268 locus
559 3220 600 3268 est
617 3230 644 3282 p.
662 3217 724 3268 228.
748 3215 780 3268 B.
807 3214 841 3268 de
865 3214 1036 3284 Hipparcho:
1072 3215 1103 3275 ὃς
1124 3212 1192 3267 ἄλλα
1209 3232 1242 3267 τε

239 3283 325 3338 πολλὰ
350 3284 395 3336 καὶ
418 3281 487 3335 καλὰ
513 3281 530 3334 ἔ
546 3301 583 3354 γα
608 3283 704 3351 σοφίας
727 3283 899 3348 ἀπεδείξατο,
923 3285 966 3336 καὶ
984 3283 1019 3335 τὰ
1032 3281 1150 3354 Ὁμήρου
1167 3302 1187 3335 π
1207 3288 1242 3334 ῶ-

236 3371 280 3414 τος
299 3352 430 3417 ἐκόμισεν
450 3352 489 3410 εἰς
507 3303 556 3422 rgo
581 3357 632 3421 γῆν
651 3354 771 3421 ταυτηνί,
797 3353 841 3404 καὶ
858 3353 995 3424 ἠνάγκασε
1013 3352 1078 3411 τοὺς
1094 3353 1177 3422 ῥαψῳ
1195 3352 1242 3411 οὺς

237 3418 444 3492 Παναθηναίοις
462 3419 496 3477 ἐξ
513 3420 676 3491 ὑπολήψεως
693 3421 794 3490 ἐφεξῆς
812 3422 882 3473 αὐτὰ
898 3421 1004 3483 διῖέναι,
1023 3419 1115 3489 ὥςπερ
1134 3424 1180 3472 νῦν
1200 3419 1241 3471 ἔτι

233 3487 285 3542 οἵδε
302 3492 436 3544 ποιοῦσιν.
473 3488 506 3541 Iu
530 3505 583 3558 quo
605 3487 754 3569 permirum
773 3495 827 3554 est,
857 3505 890 3543 ea
906 3489 967 3557 ipsa
984 3488 1141 3556 simpliciter
1158 3485 1241 3539 tribui

233 3556 292 3624 filio,
312 3573 383 3628 qnae
409 3555 444 3611 ab
462 3556 523 3611 aliis
540 3562 612 3625 patri
635 3556 791 3611 tribuuntur
815 3564 842 3611 et
860 3557 958 3612 Soloni.
995 3555 1154 3623 Quanquam
1171 3553 1241 3632 haec

233 3626 415 3697 discrepantia
437 3624 524 3679 maior
548 3631 589 3680 est
613 3624 703 3694 specie
727 3642 807 3695 quam
831 3641 877 3695 re,
902 3625 925 3678 si
943 3631 1062 3678 nostram
1081 3627 1240 3676 sententram

233 3709 354 3768 sequare,
374 3694 419 3748 vel
465 3708 516 3747 nae
525 3708 611 3762 prope
624 3692 718 3747 eadem
730 3700 779 3762 est,
790 3693 981 3749 Kueterianam
992 3708 1021 3770 p.
1036 3694 1102 3758 101,
1121 3695 1148 3742 et
1160 3688 1240 3743 simul

232 3765 340 3836 cogites,
360 3733 431 3819 illud
471 3761 504 3816 ‘ci
522 3763 550 3816 in
567 3761 676 3831 scripto,
695 3762 768 3831 quod
786 3763 821 3818 ad
837 3761 945 3816 landem
963 3757 1115 3826 Hipparchi
1132 3772 1239 3828 compo·

1367 3860 1371 3895 1
