3034 4434
610 482 788 538 ...27-

196 633 437 706 quemadmodum
457 632 488 691 in
503 632 611 705 linguis
631 633 721 692 verba
739 641 865 706 manent,
886 634 1109 708 significationes
1131 634 1198 695 flec-

195 717 291 769 tuntur
310 710 350 770 ad
370 717 536 783 temporum
557 714 587 766 et
599 725 695 768 rerum
710 710 922 770 vicissitudines
936 712 1032 772 Verbo
1047 709 1199 789 πεμπάζειν

198 805 281 861 quum
300 788 397 846 utitur
416 786 587 860 Apollonius
607 786 737 846 Rhodius
759 788 809 858 (II,
824 791 912 860 elta,
931 788 1006 847 hunc
1026 805 1109 848 nemo
1130 806 1199 848 sane

198 864 297 923 credat
310 865 442 936 quinque
463 862 563 936 digitis
577 878 757 934 numerasse3
777 880 814 922 ne
827 863 985 924 Homerum
1004 866 1129 937 quidem,
1150 867 1200 937 qni

199 941 228 998 id
247 940 423 1001 vocabulum
442 940 524 1013 prior
542 938 682 999 adhibuit.
712 941 788 999 Nam
808 944 845 1020 τῇ
862 940 938 999 κατὰ
951 939 1063 998 δεκάδα
1082 939 1201 1020 ἀριθμῆ-

200 1036 242 1074 σει
260 1035 331 1077 usus
351 1033 447 1089 usque
474 1016 512 1079 ad
534 1023 636 1088 luceo
655 1023 803 1090 numerat,
829 1026 860 1076 et
879 1020 1036 1077 exercitum
1057 1018 1200 1078 Graecum

199 1093 285 1153 ferme
308 1102 432 1166 100‚000
452 1093 598 1152 hominum
617 1102 759 1152 recenset.
800 1093 977 1167 Contrarias,
998 1096 1049 1154 sed
1071 1096 1198 1154 eiusdem

200 1172 251 1230 loci
277 1187 361 1230 error
388 1177 475 1242 esset,
501 1170 527 1228 si
553 1170 617 1241 quis
645 1187 681 1228 ex
706 1171 833 1231 moribus
854 1171 924 1230 suae
944 1173 1050 1231 aetatis
1072 1169 1199 1267 sdvqac'qv

201 1247 317 1306 Homeri
337 1247 383 1306 vel
403 1247 499 1319 ipsum
514 1243 598 1322 νόμον
611 1245 733 1317 Hesiodi
747 1247 785 1307 ad
799 1249 922 1320 scriptas
935 1251 1026 1322 leges
1047 1250 1107 1308 sive
1122 1269 1198 1326 ωρην

203 1325 236 1382 ad
254 1325 330 1383 hanc
349 1331 480 1385 nostram
499 1323 668 1382 divisionem
688 1324 747 1383 diei
766 1323 904 1393 referret,
934 1343 1000 1398 seu,
1027 1326 1104 1397 qnod
1124 1343 1199 1384 nune

204 1403 323 1459 maxime
343 1401 466 1472 agimus,
488 1416 524 1457 ex
542 1399 629 1459 verbo
650 1399 771 1478 γράφειν
791 1408 842 1460 aut
854 1404 967 1462 nomine
981 1403 1094 1480 σῆμαῑθ)
1110 1404 1200 1475 scrip-

203 1479 301 1537 toriam
322 1477 494 1536 artemiam
514 1482 589 1548 tum,
617 1493 704 1548 quum
723 1479 774 1536 illa
793 1479 823 1536 in
843 1496 898 1537 usu
918 1485 1028 1550 essent,
1053 1480 1199 1551 vulgatam
1214 1504 1240 1541 ιι

207 1552 291 1613 fuisse
320 1555 482 1626 colligeret.
526 1552 590 1613 Hoc
613 1570 687 1626 vago
712 1570 819 1626 genere
843 1558 982 1615 sermonis
1007 1573 1064 1614 non
1090 1562 1135 1614 est
1159 1557 1202 1614 ita

205 1631 376 1690 abutendum
395 1631 426 1688 in
446 1629 603 1689 scrutanda
616 1636 764 1703 potestate
777 1633 988 1705 vocabulorum,
1009 1649 1129 1703 quornm
1143 1633 1201 1690 cui-

205 1724 254 1778 que
272 1725 327 1766 sua
347 1707 492 1780 quaedam
511 1707 632 1767 historia
653 1713 706 1781 est,
727 1725 801 1780 quae
821 1727 877 1768 non
898 1727 933 1785 ex
951 1710 1023 1781 ipsis
1043 1709 1159 1768 vocibus
1174 1715 1204 1765 et

206 1784 407 1856 locutionibus,
434 1783 488 1843 sed
515 1789 735 1857 extemporum
762 1792 792 1844 et
817 1803 927 1846 morum
947 1784 1063 1845 aliunde
1083 1785 1199 1856 cognita

207 1863 366 1921 conditione
385 1860 506 1934 pendet.
544 1861 615 1920 Illae
637 1861 753 1933 quidem
773 1864 862 1921 talem
876 1865 1075 1935 quaestionem
1090 1862 1127 1920 ad
1141 1863 1198 1920 exi·

207 1945 259 1996 tum
277 1956 336 1999 non
357 1938 515 1998 adducunt.

654 2151 763 2224 XIII.

277 2323 313 2381 ln
337 2323 394 2382 hac
419 2321 600 2382 dubitatione
626 2323 651 2380 si
676 2324 879 2382 auctoritatem
904 2330 1033 2381 veterum
1059 2325 1201 2396 requiras

209 2400 339 2459 tenebrae
350 2405 505 2459 occurrunt
510 2415 673 2458 communes
683 2400 830 2473 plerisque
837 2399 1088 2458 celeberrimarum
1095 2401 1200 2457 artium

209 2476 370 2548 originibus.
412 2476 509 2547 quote
533 2477 608 2533 enim
634 2492 765 2549 quaeque
786 2495 833 2535 ars
855 2483 907 2547 est,
929 2477 975 2534 vel
995 2492 1030 2533 ex
1049 2477 1099 2546 iis,
1126 2492 1200 2545 quae

208 2567 294 2625 nuper
314 2554 333 2610 i.
356 2569 380 2611 e.
400 2557 470 2611 ante
490 2552 600 2624 aliquot
619 2555 736 2612 saecula
755 2560 891 2626 repertae
912 2559 991 2623 sunt,
1016 2553 1097 2609 cuius
1117 2552 1201 2608 initia

158 2662 160 2671 ι
210 2635 235 2686 et
257 2631 438 2688 incrementa
464 2644 482 2686 a
506 2628 587 2689 bonis
609 2629 775 2690 auctoribus
796 2637 904 2688 testata
923 2629 1072 2701 legamus?
1111 2628 1201 2700 Atqui

208 2707 292 2766 multo
317 2707 404 2779 plura
431 2711 513 2764 vetus
532 2706 583 2765 illa
603 2713 685 2766 aetas
705 2708 785 2764 nasci
804 2707 876 2765 vidit
895 2706 1103 2779 paullatimque
1123 2706 1202 2777 vige-

195 2945 198 2949 .
269 2895 306 2958 1⁰)
336 2890 451 2944 Constat
473 2888 584 2946 verbum
607 2893 742 2962 γράφειν,
768 2900 799 2947 ut
814 2893 969 2964 χαράσσειν
990 2899 1017 2946 et
1035 2891 1145 2959 similia,
1169 2908 1204 2945 ex

207 2975 313 3014 numero
326 2959 494 3013 factitiorum
504 2963 834 3030 (ὀνοματοπεποιημένιυν)
845 2976 912 3029 esse,
925 2968 953 3013 et
966 2959 1204 3028 propricscdicndi

208 3043 225 3080 s.
240 3029 377 3095 scalpendi
408 3025 628 3095 significationem
655 3027 765 3083 habere.
809 3029 896 3083 Schol.
924 3029 1059 3082 Theocrit.
1087 3027 1134 3095 VI,
1164 3033 1203 3082 18.

207 3092 318 3165 Γράψαι,
346 3096 380 3148 τι)
406 3094 484 3154 ξέσαι
507 3097 532 3149 οἱ
556 3095 665 3150 παλαιοὶ
695 3096 796 3165 ἔλεγον.
832 3097 952 3164 Hesych.
971 3095 995 3149 Γ
990 3098 1094 3166 paidos·
1114 3096 1203 3160 Edunt,

205 3162 332 3245 χαρᾴξαι,
352 3162 463 3284 {pugna
498 3163 550 3219 Hic
567 3181 631 3219 usus
649 3165 790 3251 manifesto
809 3165 1020 3233 deprehenditur
1037 3164 1124 3285 moniis
1139 3164 1204 3218 locis

208 3232 395 3379 idibem
425 3236 516 3380 uidit
539 3234 1086 3381 initiet·,itiutttliluttiiue
1104 3248 1203 3379 {titt

208 3375 266 3423 uem
294 3367 397 3436 scalpra
426 3367 529 3423 fabrrlrs
555 3369 680 3424 similisve
703 3378 874 3424 mstrumentr
897 3376 981 3424 sonat.
1023 3369 1118 3434 Neque
1136 3368 1203 3421 illud

209 3435 338 3492 Graecum
350 3433 572 3503 significationem
580 3441 708 3506 pingendi
718 3439 803 3493 habet
814 3440 885 3507 apud
897 3439 1052 3492 Homerum.
1071 3435 1201 3505 Σημάτων

210 3512 294 3560 autem
312 3505 371 3558 sive
391 3505 529 3574 σημείων,
554 3512 687 3575 quatenus
709 3508 748 3560 ita
766 3514 897 3562 vocantur
914 3506 997 3575 siglae
1017 3513 1044 3558 et
1061 3505 1114 3559 alia
1132 3521 1203 3558 com·

210 3572 301 3637 pendia
320 3571 465 3640 scribendi,
483 3574 570 3641 prima
587 3575 701 3643 vestigia
719 3575 837 3630 ostendit
854 3581 930 3629 aetas
948 3575 1147 3642 sophistarum
1174 3571 1202 3623 in

211 3641 340 3762 Briloribuls
358 3641 525 3762 t2e7rrrporibua
544 3658 576 3698 ea
593 3643 683 3711 inepte
703 3644 858 3713 quaesieris.
877 3642 945 3698 Vide
963 3639 1145 3710 LipsiiEpist.
1166 3637 1202 3690 ad

231 3725 303 3776 ogas
336 3748 343 3777 ‚
399 3749 405 3760 .
