3034 4434
641 562 753 616 -159
781 590 816 600 -

235 709 313 783 gula,
334 707 466 768 modesto
487 710 578 782 signo,
599 710 692 781 iniis,
713 711 763 783 qui
784 711 811 768 ei
831 710 867 771 ob
887 711 998 770 minora
1017 711 1088 771 vitia
1100 711 1229 771 videren-
1243 733 1282 778 aco

235 793 283 845 tur
302 785 413 858 indigni
432 791 528 860 poeta,
549 793 580 845 at
593 786 760 845 tolerabiles
770 792 876 845 tamen.
910 787 968 848 Sed
981 789 1146 848 coniectura
1158 790 1231 848 haec

231 868 278 922 est
298 861 451 921 admodum
471 865 553 937 parvi
572 864 709 922 momenti
728 864 758 920 in
778 864 829 922 illa
841 862 962 924 infantia
976 865 1056 924 artis.
1090 866 1231 938 Quocirca

232 957 293 998 rem
307 944 408 998 tenere
422 942 512 999 satius
529 941 592 1012 erit,
608 947 637 999 et
647 941 825 1011 argumentis
835 941 965 1014 pluribus
975 941 1153 1016 confirmare,
1166 958 1231 1003 eum

233 1033 289 1077 non
303 1021 415 1074 tantum
429 1018 563 1076 notandis
577 1018 685 1089 naevis,
699 1033 798 1075 verum
812 1018 900 1075 etiam
912 1019 1031 1091 urendo,
1045 1019 1231 1093 amputando,

233 1095 341 1165 luxata,
360 1109 434 1165 quae
454 1095 569 1166 quidem
587 1093 718 1167 putabat,
739 1094 799 1151 suis
817 1094 887 1153 locis
907 1095 1082 1169 reponendo,
1101 1096 1232 1156 Homeri-

231 1187 297 1229 cum
310 1186 415 1243 corpus
427 1173 581 1230 curavisse.
615 1169 658 1228 Ac
671 1171 795 1244 primum
808 1171 871 1242 quis
886 1171 1039 1245 existimet,
1058 1189 1158 1232 versus
1172 1190 1231 1246 eos,

232 1264 305 1320 quos
318 1247 491 1306 Eustathius
511 1255 540 1307 et
554 1247 733 1307 Scholiastee
749 1249 857 1320 passim
875 1264 911 1306 er
934 1249 998 1306 aliis
1017 1250 1232 1310 recensionibus

232 1323 353 1396 addunt,
374 1326 549 1397 posteriores
563 1341 660 1386 omnes
675 1340 738 1382 esse
751 1323 921 1384 Aristarcho
927 1323 986 1397 “li
1005 1341 1042 1384 ne
1055 1326 1125 1398 quid
1138 1327 1233 1386 dicam

231 1437 427 1445 ...---—--—.....

234 1505 300 1559 doto
319 1505 449 1573 primum,
476 1509 534 1557 tum
559 1504 594 1558 ab
611 1503 769 1557 Aristarcho
787 1503 884 1557 nimius
900 1502 1047 1571 putabatur
1064 1500 1234 1567 (ambitiosam

238 1579 424 1639 ornamentum)
443 1580 470 1625 et
488 1574 634 1642 ὴνλετεῖτο,
659 1572 696 1630 ὡς
710 1569 855 1624 Ἡσιόδειον
875 1570 943 1643 ἔχων
957 1575 1124 1643 χαρακτῆρα
1141 1588 1197 1623 κ.τ.
1209 1571 1233 1624 λ.

234 1641 288 1696 Ubi
300 1641 388 1695 obiter
400 1641 482 1708 rides,
495 1641 612 1708 spectari
624 1639 698 1693 Theo
719 1638 816 1706 oniam
826 1645 954 1707 tanquam
967 1639 1111 1708 genuinum
1120 1637 1234 1692 Garmcn

234 1709 305 1764 vatis
322 1711 441 1764 Ascraei.
477 1710 578 1762 Mansit
595 1714 686 1761 tamen
701 1655 747 1761 bic
765 1708 840 1762 locus
857 1707 885 1761 in
896 1713 975 1761 textu
986 1706 1145 1772 Aristarchi,
1161 1706 1234 1762 unde

232 1793 295 1832 eum
319 1778 347 1830 in
374 1778 549 1832 imitationem
568 1792 643 1830 suam
659 1776 743 1829 traxit
761 1775 896 1844 Virgilius.
931 1775 1001 1829 Nam
1019 1775 1052 1829 ab
1071 1775 1116 1829 illo
1135 1775 1233 1829 critico

238 1845 393 1914 pendebant
410 1846 501 1899 Latini
519 1861 618 1900 omnes.
653 1845 696 1898 Ita
713 1844 836 1898 Ciceroni
852 1843 924 1913 Epp.
942 1843 977 1897 sd
993 1844 1088 1898 Famil.
1102 1844 1136 1910 X,
1156 1848 1195 1898 13.
1206 1849 1235 1897 et

242 1914 369 1969 Straboni
386 1915 405 1966 Ι.
425 1932 451 1983 p.
474 1916 513 1970 11.
536 1931 590 1969 non
614 1913 757 1968 excidisset
776 1911 842 1967 illud
860 1912 892 1966 de
912 1911 1037 1983 Ὀδυσσῆϊ
1049 1912 1234 1982 πτολιπόρθῳ,

241 1983 294 2038 nisi
318 1984 396 2050 pueri
419 1984 447 2035 in
464 1984 565 2051 scholis¹
580 1983 732 2049 audissent,
759 1981 945 2035 Aristarchum
962 1982 1125 2104 χθετηπέναι
1141 1995 1235 2034 versus

243 2067 328 2120 prope
347 2067 453 2120 omnes,
478 2053 524 2120 qui
541 2068 612 2106 nunc
630 2052 650 2106 ’A
671 2051 747 2104 ιλλ”ο
764 2049 948 2120 πτολίπορθον
985 2050 1074 2105 abent.
1109 2049 1168 2118 Quo
1185 2065 1235 2104 nos

238 2119 372 2188 probabili
394 2121 498 2174 ratione
524 2121 625 2174 ducunt
648 2070 755 2175 §obolis
778 2117 813 2172 ad
837 2120 864 2170 d.
882 2120 941 2173 371.
965 2125 993 2173 et
1009 2135 1102 2188 prox.,
1123 2124 1182 2175 tum
1199 2116 1235 2172 ad

238 2210 262 2240 ο.
274 2188 394 2255 56-77,
412 2188 490 2242 obelo
502 2195 608 2242 notatos
620 2196 732 2257 propter
750 2187 791 2240 τὰ
809 2187 884 2239 ἐκεῖ
899 2188 956 2239 οὐκ
973 2187 1162 2256 ἀναγκαίας
1178 2205 1234 2239 πα-

239 2256 502 2324 λιλλογούμενα,
530 2265 557 2308 et
581 2257 647 2310 alias
664 2272 773 2323 causas,
790 2255 818 2307 in
840 2255 936 2323 quibus
953 2257 1022 2309 haec
1038 2263 1159 2309 extrema
1175 2260 1232 2308 est:

238 2322 320 2445 Φρσὶν
339 2327 354 2377 ὁ
372 2324 607 2408 Ἀρίσταρχος,
626 2327 667 2378 ὅτι
684 2324 791 2395 οὐδαμῇ
808 2323 855 2374 τὸν
868 2323 983 2395 Ἀχιλλέα
1000 2324 1233 2393 πτολίπορθον

238 2411 254 2444 ε
264 2410 358 2463 ρηνιεν,
380 2393 447 2445 ἀλλὰ
465 2394 585 2463 ποδαρκη
603 2393 647 2445 καλ
670 2393 783 2462 ποδώκη.
818 2390 914 2458 Neque
930 2391 1111 2456 Aristarchum
1129 2397 1160 2443 ut
1178 2405 1234 2446 sus-

239 2462 323 2529 picor,
346 2461 375 2516 id
393 2461 532 2529 epitheton
549 2461 655 2529 putarit
672 2461 815 2514 convenire
831 2459 939 2527 Achilli,
961 2459 1007 2527 qui
1024 2459 1125 2513 bellurn
1141 2459 1235 2512 Troia·

239 2546 304 2583 num
323 2546 377 2584 non
394 2529 546 2583 confecerit.
575 2529 721 2597 Ignorabat
738 2543 803 2597 ergo
821 2534 868 2580 aut
886 2528 1030 2596 spernebat
1046 2527 1178 2580 veriorem
1195 2527 1235 2579 in·

240 2603 325 2666 terpr.
344 2614 387 2666 ap.
404 2596 529 2652 Eustath.
554 2614 580 2665 p.
598 2602 640 2653 91.
658 2601 716 2652 220.
752 2599 791 2651 At
815 2595 897 2649 ctiam
913 2614 942 2665 φ.
960 2599 1018 2650 550.
1037 2594 1155 2648 Achilles
1172 2613 1235 2647 πτο·

240 2663 370 2737 λλποριλος
393 2671 442 2720 est.
477 2665 519 2719 Ibi
540 2667 607 2719 mim
626 2666 715 2721 Sehol.
739 2664 794 2718 Ὅτι
815 2664 960 2723 πλεονάζει
980 2664 1022 2717 ἐπ’
1039 2663 1188 2722 ’θδνσσὲιος
1204 2664 1235 2716 τὸ

239 2734 501 2803 πτολίπορθος·
527 2739 573 2786 νῦν
599 2735 629 2787 δὲ
654 2732 746 2793 ἅπαξ
769 2735 812 2787 ἐπ’
835 2733 974 2805 Ἀχιλλέως.
1011 2729 1135 2802 Ἡδιτλῆ
1152 2751 1172 2784 π
1201 2732 1236 2792 ὁς

240 2804 322 2863 τοὺς
336 2803 565 2875 χωρίζοντας·
590 2803 698 2864 τούτοις
722 2802 777 2873 γὰρ
792 2808 926 2875 χρῶνται,
960 2796 1055 2860 Τινὲς
1072 2801 1103 2853 δὲ
1121 2749 1236 2872 Ἀχιλλέα

240 2869 382 2952 Πηλείωνα
398 2875 505 2924 ποιοῦσι
524 2872 682 2994 (commati)
701 2870 876 2930 ξενισθέντες
893 2891 913 2923 π
948 2888 961 2929 ς
977 2870 1008 2921 τὸ
1025 2869 1162 2922 ἐπίθετον.
1185 2868 1236 2923 His

202 2963 204 2968 ⁴
240 2940 330 3008 igitur,
350 2941 395 3008 qui
413 2940 452 2993 ita
469 2939 628 3008 sentiebant,
646 2941 655 2993 i
676 2956 717 2995 em
734 2940 887 2995 faciendum
935 2938 956 2990 ‘t
972 2937 1001 2990 in
1018 2942 1120 2993 ιο.108.
1138 2943 1165 2992 et
1183 2937 1235 2992 lor-

244 3016 314 3063 tasse
334 3009 418 3063 Gatal,
436 3012 494 3063 235.
514 3011 593 3075 (128.)
611 3014 638 3061 et
655 3029 678 3062 ο.
695 3013 754 3064 384.

312 3095 349 3161 4⁵)
373 3093 441 3148 Sunt
463 3094 531 3149 adeo
559 3095 588 3147 in
611 3094 663 3148 illis
681 3111 733 3148 uss.
750 3093 879 3160 nonnulli,
902 3107 969 3161 quos
986 3092 1127 3161 rhapsodis
1144 3092 1238 3148 eadem

246 3163 335 3231 specie
354 3164 411 3216 veri
429 3163 540 3230 tribuas,
557 3163 600 3217 vel
618 3162 728 3231 maiore,
750 3178 831 3232 qnam
848 3161 907 3215 aliis
923 3161 1084 3216 auctoribus.
1119 3160 1156 3216 Ut
1173 3176 1237 3229 qua·

244 3236 306 3284 tuor
332 3231 382 3285 hos
405 3248 447 3299 ap.
477 3231 568 3299 Euat,
599 3246 712 3299 quorum
738 3230 880 3285 Ruhnken.
902 3229 1022 3283 meminit
1043 3228 1078 3282 ad
1094 3230 1191 3299 Hymn.
1208 3230 1237 3283 in

242 3299 301 3353 Ger.
323 3303 390 3366 108„
408 3299 522 3353 iniectos
539 3305 601 3366 post
620 3319 642 3353 ν.
660 3303 732 3367 438,
756 3305 785 3352 et
801 3298 869 3352 duos
885 3303 948 3367 post
964 3317 986 3353 ο,
1005 3301 1064 3367 311,
1086 3297 1236 3352 Hesiodicis

242 3365 344 3436 Theog.
356 3372 415 3423 498.
434 3373 461 3421 et
478 3367 538 3421 aliis
556 3366 653 3421 fabulis
665 3367 730 3421 satis
742 3366 855 3433 similes3
870 3373 927 3419 tum
936 3364 1098 3420 miserrimos
1108 3373 1164 3420 tres
1174 3372 1236 3434 post

243 3434 338 3504 Odyss.
357 3436 380 3491 λ.
395 3440 462 3502 438,
488 3451 555 3504 quos
573 3435 688 3489 servarit
700 3435 788 3489 Schol.
801 3433 926 3503 Euripid.
953 3435 1046 3489 Plures
1056 3434 1136 3488 huius
1147 3439 1236 3503 notae,

245 3504 289 3556 vel
307 3505 363 3558 sola
386 3504 438 3558 fide
462 3503 646 3558 diobolarium‘
660 3503 794 3584 codicum²
821 3503 934 3557 adscivit
950 3503 1106 3568 Barnesius‚
1132 3500 1236 3569 priores

245 3572 354 3638 quidem
371 3571 399 3624 in
418 3592 439 3623 ν.
459 3579 486 3625 et
504 3593 527 3626 ο,
547 3571 627 3627 etiam
639 3571 762 3640 Duceria,
777 3571 945 3626 hbrariorum
962 3576 1033 3626 totos
1049 3585 1142 3623 versus
1159 3569 1236 3623 cmit-

243 3641 357 3694 tentium
374 3641 565 3708 negligentiam
583 3655 696 3708 querens
714 3647 742 3694 et
758 3655 843 3708 prava
853 3639 952 3694 iudicia
964 3639 1128 3693 Griticorum.
1151 3636 1236 3691 Reate

242 3716 400 3776 utrumque:
418 3709 470 3762 nisi
486 3708 535 3762 sub
553 3724 635 3762 unum
652 3707 808 3777 adspectum
831 3709 921 3777 posits
937 3706 1035 3760 indicia
1050 3720 1140 3759 rerum
1157 3705 1235 3760 alior-

242 3789 302 3832 sum
314 3775 454 3831 flecterent
466 3776 582 3831 animum
594 3777 766 3846 suspicacem.
788 3777 846 3832 Iam
854 3775 951 3831 vellem
961 3774 1063 3842 audire,
1080 3772 1145 3842 quid
1156 3773 1236 3829 docta
