3034 4434
616 537 793 590 ..31-

208 689 256 747 dia
278 693 385 762 postea
410 684 542 746 historici
568 689 598 741 et
621 685 801 744 litteratores
826 703 881 746 non
911 690 1031 760 aequius
1050 692 1154 750 tollere
1174 706 1244 750 sesa

206 781 288 840 posse
308 769 462 838 putarunt,
483 777 569 834 qnam
589 761 614 818 si
628 777 692 820 eam
707 761 828 834 gloriam
842 764 1051 835 quodammodo
1064 770 1206 841 partiren-

207 851 252 901 tur
269 843 348 900 inter
368 856 478 900 omnes.
499 839 532 896 In
552 854 609 910 quo
628 854 716 897 unum
735 839 806 897 mihi
826 842 948 901 maxime
968 842 1084 915 dignum
1105 852 1206 905 notatu

207 919 328 990 videtur,
349 917 429 989 quod
448 914 606 988 Euripides
632 921 694 976 toto
714 917 830 976 invento
851 918 889 977 ad
907 918 1093 979 Palamedem
1113 929 1206 981 trans-

206 993 322 1055 ferendo
347 993 491 1054 communi
517 992 624 1052 iudicio
643 993 735 1052 Attici
755 993 862 1052 theatri
883 996 1040 1055 insolenter
1060 999 1206 1071 illusisset,

207 1075 231 1132 si
247 1074 307 1131 iam
328 1077 390 1130 tum
411 1071 449 1129 de
469 1069 632 1140 antiquiore
652 1071 731 1128 cultu
751 1071 824 1128 artis
845 1077 875 1129 et
889 1072 990 1131 Cadmi
1009 1092 1128 1134 munere
1141 1093 1207 1136 con-

209 1150 340 1208 stitisset.
379 1149 483 1218 Neque
502 1145 661 1220 Euripides
682 1147 754 1205 illud
773 1146 871 1207 iacere
891 1151 986 1222 potuit
1004 1153 1128 1224 primus3
1153 1169 1206 1212 nec

211 1224 357 1301 fingebant
376 1227 419 1283 ita
438 1223 565 1295 Tragici.
603 1224 665 1282 Iam
685 1240 753 1284 vcro
775 1225 799 1281 si
813 1224 996 1285 oblitteratas
1010 1230 1081 1287 istas
1094 1227 1206 1288 fabulas

211 1305 270 1362 iure
298 1303 337 1361 ad
363 1306 466 1376 poetas
494 1307 627 1359 austures
652 1301 812 1372 relicinus,
839 1303 941 1374 ecquid
960 1307 1087 1362 accurati
1108 1307 1207 1364 iudicii

207 1388 256 1453 est,
275 1380 328 1438 uni
348 1395 456 1450 earum,
476 1393 511 1435 ex
530 1377 633 1435 iisdem
652 1376 779 1437 lontibus
800 1379 913 1452 ductae,
933 1381 1000 1440 ideo
1019 1383 1088 1453 quia
1098 1384 1205 1442 ceteris

214 1457 386 1516 celebratior
405 1460 460 1528 est,
481 1454 617 1514 addicere
638 1455 860 1514 credulitatem?

281 1535 324 1592 At
342 1549 479 1605 magnum
499 1537 647 1591 auctorem
667 1533 756 1590 babet
775 1549 877 1590 munus
898 1532 998 1591 Cadmi
1017 1535 1205 1598 Herodotum.

207 1609 309 1682 Video;
323 1617 354 1670 et
363 1611 452 1668 alium
461 1608 567 1668 addam
577 1625 634 1668 non
643 1610 792 1680 minorem,
802 1615 882 1667 certe
892 1611 989 1682 paullo
1000 1613 1203 1683 antiquiorem:

208 1704 257 1747 nec
281 1693 441 1763 propterea
467 1685 567 1744 desino
589 1685 737 1758 dubitare,
762 1702 830 1743 num
849 1702 982 1757 magnam
1003 1690 1205 1748 auctoritatem

208 1765 267 1838 ipsa
293 1763 394 1823 fabula
420 1779 472 1821 seu
497 1759 574 1821 fama
600 1763 716 1822 habeat.
756 1763 832 1821 Nam
856 1764 1042 1822 temerarium
1066 1772 1150 1838 puto,
1175 1767 1205 1822 in

208 1848 286 1901 tanta
306 1847 456 1901 auctorum
477 1839 665 1912 dissensione,
691 1841 741 1897 uni
762 1844 813 1898 aut
832 1841 932 1912 paucis
952 1842 1096 1914 assentiri,
1122 1858 1205 1915 prae·

208 1920 305 1978 sertim
330 1919 360 1975 in
386 1933 435 1991 re,
462 1933 536 1989 quae
561 1934 648 1989 quum
668 1918 753 1990 vulgo
774 1923 855 1974 recte
874 1916 1065 1977 Phoenicibus
1085 1925 1206 1993 accepta

208 1992 340 2068 ferretur,
354 1993 491 2052 facillime
506 2011 524 2052 a
537 1994 691 2065 Phoenice,
705 1995 882 2052 clarissimae
895 1995 925 2051 in
939 1995 1063 2055 Graecia
1076 1998 1205 2056 coloniae

209 2072 368 2144 conditore,
396 2086 500 2130 nomen
526 2071 667 2144 adoptare
693 2072 830 2144 potuerit.
869 2071 953 2131 Alter
973 2074 1088 2145 quidem
1108 2080 1206 2133 aucto·

206 2165 264 2208 rum
289 2149 405 2208 illorum
425 2147 581 2220 Dionysius
601 2147 734 2206 Milesius
755 2153 813 2220 est,
844 2150 969 2222 scriptor
987 2151 1126 2210 historiae
1146 2168 1205 2224 my-

215 2224 362 2296 thicae14).
402 2225 469 2284 Non
489 2224 519 2282 id
539 2225 637 2296 aliero,
658 2224 735 2295 quod
756 2241 820 2282 eum
841 2242 974 2298 spernam
994 2234 1114 2301 propter
1132 2229 1207 2286 hanc

205 2304 351 2362 materiem
372 2300 533 2361 scribendi:
553 2317 648 2373 neque
669 2301 742 2362 adeo
762 2307 865 2374 poetas
879 2320 993 2376 sperno,
1014 2304 1165 2376 exquibus
1179 2305 1204 2363 is
1218 2321 1243 2360 ss

206 2386 278 2439 totus
298 2378 462 2454 pendebat:
489 2384 618 2437 attamen
643 2378 715 2436 illud
740 2395 797 2437 non
822 2396 973 2450 assequor,
1003 2396 1055 2437 cur
1074 2398 1092 2438 a
1112 2380 1202 2449 nobis,

205 2458 364 2528 acritatem,
379 2471 436 2515 non
453 2450 602 2512 Φοινικικὰ
611 2450 746 2543 ψεύδηῑὸ)
758 2456 972 2527 quaerentibus,
985 2456 1015 2512 in
1028 2456 1084 2514 hoc
1097 2471 1203 2528 genere

204 2531 375 2608 locupletior
394 2531 488 2603 testis,
509 2548 593 2604 quam
613 2533 774 2601 anactoria,
794 2546 869 2603 quae
882 2533 1018 2603 narravit,
1038 2531 1140 2590 haberi
1154 2531 1203 2589 de-

207 2676 289 2687 ———
301 2677 404 2684 ——-—-—-

203 2760 270 2817 hnsii
293 2761 330 2817 ad
352 2761 465 2816 Luciam
484 2760 516 2814 T.
533 2761 554 2813 I.
573 2776 599 2828 p.
618 2765 658 2816 88,
683 2766 825 2829 poetarum
849 2774 996 2814 sermonem
1015 2759 1124 2813 nimium
1142 2774 1202 2827 pre·

202 2831 305 2887 mentis.
333 2829 457 2897 Accedit,
475 2829 547 2896 quod
564 2845 614 2883 nec
632 2830 742 2884 Tacitus
761 2829 917 2897 gravissimo
935 2829 1072 2882 locoAnn.
1085 2827 1133 2895 XI,
1154 2833 1202 2895 14,

202 2915 249 2954 nec
266 2898 409 2968 Hyginus,
432 2911 482 2951 nec
505 2896 557 2951 Dio
576 2898 616 2951 (lh
649 2904 795 2965 sostomus,
816 2896 953 2951 Palamedi
976 2896 1089 2951 eandem
1112 2896 1202 2949 inven-

203 2967 301 3022 tionem
319 2966 480 3032 tribuentet,
499 2981 533 3019 ex
551 2982 605 3033 uno
649 2964 754 3033 uripide
773 2965 801 3018 id
819 2965 962 3034 sumpsisse
980 2964 1066 3018 videri
1082 2970 1202 3032 possunt.

203 3034 287 3157 iNihfl
304 3035 401 3102 utique
420 3032 492 3086 aliud
510 3032 627 3088 affirmat
645 3034 687 3114 Eu
706 3049 786 3101 quarn
804 3033 876 3100 quod
893 3032 978 3086 literis
997 3031 1126 3087 ordinatis
1138 3032 1202 3086 faci-

213 3103 296 3159 'orem
314 3101 412 3157 utendi
429 3101 615 3170 scribendique
633 3109 765 3157 rationem
783 3101 937 3156 ostenderit.
949 3101 1018 3169 Tm]
1037 3100 1137 3154 Omitto
1149 3101 1202 3153 De-

204 3171 363 3226 clamatores
382 3170 450 3224 duos
466 3169 494 3223 in
512 3169 598 3223 Oratt.
617 3171 663 3225 Gr.
681 3169 773 3224 Reisk.
793 3170 824 3224 T.
832 3168 907 3223 VIII.
926 3185 952 3236 p.
972 3172 1013 3224 74.
1028 3173 1133 3235 etllss,
1151 3168 1203 3221 etsi

205 3239 241 3294 ilii
258 3241 389 3308 antiquos
413 3253 535 3292 rumores
558 3238 586 3291 in
604 3238 769 3306 argumentis
802 3237 856 3291 suis
882 3238 967 3291 secuti
991 3243 1059 3290 sunt.
1094 3238 1137 3291 Ab
1160 3237 1202 3290 his

204 3308 324 3363 omnibus
347 3305 506 3361 Palamedes
528 3322 582 3359 non
607 3322 754 3375 paucarum
778 3305 944 3375 quarundam
966 3305 1131 3373 litterarum,
1155 3305 1203 3358 sed

203 3375 317 3431 universi
335 3373 439 3429 inventi
456 3380 550 3428 auctor
567 3374 732 3444 perhibetur.

197 3504 203 3511 .
268 3463 307 3525 14)
326 3461 475 3538 Innmagno
495 3475 592 3528 opere,
616 3457 726 3529 Κύκλῳ,
751 3459 828 3536 ouius
851 3458 903 3512 luci
925 3473 1006 3526 saepe
1024 3455 1201 3519 laudantura

209 3527 409 3594 Grammaticis3
427 3543 450 3583 ra
463 3544 515 3597 quo
531 3529 575 3582 hic
585 3530 693 3596 utimur,
703 3544 720 3582 a
730 3527 849 3581 Diodoro
859 3527 910 3581 Sic.
921 3527 972 3594 ΙΙΙ,
985 3529 1026 3580 66.
1041 3524 1090 3593 [Cf.
1102 3524 1133 3578 V.
1145 3525 1198 3591 57·]

268 3615 305 3683 1⁵)
324 3613 441 3667 Locutio
458 3614 633 3682 pmverbialis
650 3618 691 3666 est
709 3612 782 3679 apud
793 3612 919 3666 Eustath.
931 3611 967 3665 ad
978 3611 1072 3678 Odyss.
1082 3625 1109 3675 p.
1125 3611 1198 3661 1757.

207 3679 334 3734 leniris
357 3687 386 3733 et
409 3680 618 3736 incredibilibus.
662 3683 786 3751 [ψεῦσμα
809 3677 952 3733 Φοινικικόν
975 3676 1133 3732 Posidonius
1155 3690 1199 3742 ap.

206 3745 323 3802 Strabora
343 3748 366 3815 1,
384 3752 400 3802 5
418 3764 444 3817 p.
465 3752 531 3817 1th
721 3765 724 3768 >
