3034 4434
642 543 754 604 -1'18
785 576 821 587 -

232 707 330 763 natum
350 701 511 760 universam
531 697 651 758 formam
671 714 752 757 suam
773 699 918 772 accepisse
938 714 990 756 nec
1009 700 1112 757 mirum
1127 706 1181 772 est,
1201 701 1230 758 in

234 777 413 854 gravioribus
432 775 557 849 mendis,
587 775 697 833 lacunis
722 777 898 848 assertisque
923 776 1024 850 pannis
1049 774 1111 835 fere
1132 795 1230 836 omnes

173 878 176 883 ·
233 863 346 918 veteres
357 859 447 915 testes
463 853 629 926 conspirare
642 869 695 911 nec
709 869 878 912 succensere
892 870 1041 926 possumus
1054 853 1231 913 Masorethis

234 933 311 1008 quod
329 930 412 991 nobis
431 936 540 989 textum
560 930 668 1003 passim
689 929 877 1003 depravatum
897 930 1077 988 tradiderunt
1097 933 1153 989 nisi
1174 934 1232 990 cul·

254 1025 305 1069 ere
324 1009 443 1067 vebmus
465 1007 662 1093 Herodianum
681 1009 727 1066 vel
746 1006 937 1080 Porphyrium
957 1007 1033 1079 quod
1052 1025 1108 1066 non
1128 1027 1232 1082 purum

263 1101 389 1146 omernm
413 1085 611 1144 restituerunt.
650 1084 710 1157 ipsi
734 1083 858 1155 denique
879 1084 906 1143 ei
931 1085 980 1156 qui
1004 1084 1132 1143 criticam
1154 1103 1232 1144 exer-

234 1161 339 1224 cebant
357 1163 388 1220 in
414 1163 507 1222 Biblis
527 1178 583 1221 non
603 1161 695 1233 magis
717 1160 920 1234 grammaticas
940 1162 1068 1221 rationes
1089 1164 1234 1223 callebant

234 1256 292 1317 qua
310 1239 473 1299 Zenodotus
495 1239 645 1311 Origenes.

310 1316 356 1376 An
375 1317 449 1376 hunc
469 1317 616 1389 uulgarem
634 1319 743 1375 textum
764 1315 838 1374 alius
851 1317 1009 1390 autplures
1022 1318 1232 1390 praecesserint

232 1410 317 1455 nemo
337 1393 368 1452 in
387 1399 469 1453 tanta
488 1393 663 1453 obscuritate
683 1408 780 1450 rerum
800 1409 853 1465 pro
873 1399 952 1453 certo
972 1393 1087 1452 dixerit.
1125 1380 1231 1453 Proba-

220 1471 293 1539 ,bile
312 1475 409 1530 tamen
430 1477 489 1544 est,
508 1475 636 1530 nostrum
656 1486 713 1529 non
730 1471 844 1528 unicum
864 1467 954 1529 fuisse
974 1472 1004 1528 in
1023 1471 1121 1544 primis
1139 1471 1169 1527 in
1182 1487 1228 1528 ex-

233 1549 448 1610 cellentioribus
473 1548 506 1607 V.
527 1547 559 1606 Τ.
580 1545 671 1608 libris.
712 1546 770 1606 Sed
794 1547 842 1606 hic
865 1552 965 1607 noster
987 1549 1112 1620 reliquos
1131 1547 1228 1607 obscu-

234 1626 310 1686 ravit
329 1627 426 1685 nescio
447 1624 549 1697 quibus
569 1621 646 1682 fatis.
680 1623 720 1682 Et
732 1623 920 1684 Alexandrini
935 1624 1110 1699 interpretes
1124 1625 1232 1698 aliquot

234 1703 324 1764 libros
344 1720 380 1762 ex
400 1703 514 1761 diversa
534 1718 552 1760 a
571 1701 690 1761 Masona
709 1703 878 1762 recensione
898 1703 1018 1762 vertisse
1039 1707 1121 1762 const
1140 1707 1161 1760 t.

311 1780 387 1839 Hinc
406 1778 468 1838 fere
489 1779 575 1837 etiem
596 1783 692 1837 textus
712 1778 833 1839 Homeri
852 1780 978 1853 vulgaris
998 1786 1106 1839 noster.

313 1857 371 1916 Sed
389 1857 465 1915 hunc
484 1856 632 1929 vurlgarem
656 1860 767 1914 textum
789 1857 872 1914 multi
892 1858 1007 1929 ingenio
1027 1857 1110 1916 abusi
1129 1856 1236 1916 deinde

236 1934 392 1994 refixerrmt
401 1934 489 1992 variis
503 1933 604 2005 modis,
619 1933 792 2004 conjecturis
807 1935 1043 1993 contaminarunt.
1056 1934 1237 1993 iudaeorum

236 2013 363 2086 gravitas
394 2014 462 2080 (non
482 2010 623 2067 succurrit
643 2010 739 2082 aptius
759 2010 940 2084 vocabulum)
962 2011 1104 2083 acquievit
1123 2008 1186 2069 scre
1207 2013 1238 2070 in

236 2090 325 2148 semel
343 2086 453 2160 paratis
474 2087 562 2144 ctiam
581 2087 611 2144 in
630 2087 831 2146 vitiosissimis.
858 2087 966 2147 Tamen
985 2088 1086 2146 mirum
1108 2094 1187 2146 esset
1207 2090 1237 2146 ni

237 2165 324 2225 etiam
349 2163 532 2235 conjecturae
556 2163 692 2222 intentu
717 2180 800 2223 sacro
827 2172 937 2239 essent,
965 2182 1000 2224 ex
1024 2164 1235 2238 antiquioribus

237 2240 430 2315 temporibus,
470 2239 573 2311 quibus
604 2241 729 2300 nondum
753 2246 836 2300 tanta
866 2242 1033 2316 superstitio
1066 2243 1240 2302 invaluisset

236 2325 358 2391 uterque
378 2318 511 2391 populus
531 2317 739 2390 antiquioribus
759 2319 951 2394 temporibus,
979 2321 1033 2378 etsi
1053 2321 1125 2378 haec
1146 2337 1236 2393 opera

237 2393 418 2454 θεόπνευστα
441 2401 559 2469 putaret
582 2412 639 2454 non
660 2402 756 2455 tamen
775 2396 818 2455 ita
838 2397 942 2456 stultus
964 2402 1041 2470 erat,
1066 2403 1098 2456 11
1119 2398 1236 2469 singula

237 2474 326 2533 verbe
345 2472 533 2547 suppeditata
552 2473 698 2546 crederet3
718 2474 817 2546 itaque
838 2475 868 2532 in
886 2473 931 2532 his
952 2474 1061 2547 aliquid
1075 2474 1131 2533 sibi
1145 2474 1235 2533 licere

236 2551 379 2625 putabant
398 2550 544 2623 mutando,
566 2550 754 2624 1111111111,
774 2550 984 2624 interpolando.
1023 2551 1103 2610 Idem
1119 2550 1187 2609 dein
1200 2553 1234 2609 li-

238 2634 337 2688 center
362 2628 392 2686 in
411 2627 697 2700 interpretationibus
716 2625 834 2701 factum,
854 2629 908 2686 etsi
925 2628 969 2686 his
989 2645 1088 2702 parem
1107 2627 1169 2686 fere
1185 2645 1236 2686 au·

238 2706 401 2765 ctoritatem
420 2704 594 2764 tribuebant.
642 2704 763 2764 Omnino
782 2705 930 2764 liberalius
950 2707 1116 2779 cogitabant
1141 2722 1235 2778 neque

239 2783 324 2841 aliter
357 2787 493 2856 poterant
523 2782 548 2840 si
577 2777 769 2840 θεοπνεύστου
795 2783 933 2842 orationis
952 2785 1037 2857 plura
1056 2802 1111 2844 non
1133 2785 1236 2844 eadem

239 2860 371 2933 exempla
390 2860 484 2919 adhuc
503 2860 533 2917 in
552 2859 684 2918 manibus
705 2865 812 2919 essent.
851 2860 985 2934 Inprimis
1006 2869 1102 2920 autem
1122 2863 1178 2922 hoc
1199 2864 1235 2921 si·

238 2936 305 2994 mile
326 2937 402 3008 quod
422 2938 452 2996 in
471 2937 602 3009 utrisque
623 2937 758 3011 operibus
779 2938 886 3012 passim
907 2938 986 2996 clare
999 2938 1166 3012 vestigia⁴⁹t
1189 2957 1236 2998 ex·

239 3003 317 3071 stant
337 3015 553 3085 antiquissimae
577 3011 687 3074 formae
707 3020 739 3073 ut
759 3015 961 3074 commissurae
980 3015 1058 3074 haud
1078 3017 1165 3089 plane
1187 3017 1236 3076 ob-

239 3094 381 3162 scuratae,
402 3093 498 3162 qualia
518 3098 614 3150 tamen
632 3091 699 3150 rudi
718 3091 926 3152 inconstantiae
952 3095 1165 3152 recensentium
1185 3112 1236 3167 po·

239 3167 297 3226 tius
331 3182 415 3237 quam
447 3169 565 3229 consilio
595 3175 625 3228 et
654 3168 721 3228 fidei
756 3169 909 3229 tribuenda
937 3175 1016 3244 puto.
1060 3173 1105 3230 Ita
1130 3187 1166 3230 ex
1190 3173 1236 3230 his

241 3243 377 3315 exemplis
401 3260 483 3304 nemo
509 3247 626 3319 colligat
646 3247 747 3307 eadem
767 3245 823 3306 fide
843 3252 972 3307 versatos
986 3249 1050 3307 illos
1064 3249 1093 3306 in
1106 3250 1236 3321 reliquis.

160 3380 163 3387 ,
317 3319 424 3379 Τ111111
438 3320 588 3382 Hebraeus
608 3331 707 3385 noster
721 3341 757 3383 ex
769 3320 926 3403 παραδόσει
938 3325 1072 3398 manavit,
1092 3327 1179 3399 plane
1193 3326 1237 3384 sio

240 3397 409 3457 Homericus
432 3404 530 3457 noster
549 3401 683 3473 vulgaris.
724 3403 757 3460 In
777 3407 899 3474 utraque
918 3400 1076 3492 amatores
1093 3402 1236 3474 judicium

241 3475 399 3534 adhibitum
425 3481 470 3534 111
493 3476 648 3536 lectionum
673 3479 750 3552 quod
778 3485 874 3538 tamen
893 3479 975 3538 nobis
994 3478 1136 3552 reingere
1156 3481 1234 3539 licet.

240 3553 275 3687 ἒ
293 3559 415 3688 1111111
425 3551 582 3630 παράδοσις
601 3553 666 3628 ipsa
685 3573 885 3628 nonnunquam
904 3556 1037 3618 mutilata
1057 3562 1102 3617 est
1122 3563 1152 3617 et
1172 3574 1235 3618 cor-

275 3647 294 3704 p
309 3647 334 3691 a.

342 3795 380 3863 49)
397 3793 525 3864 exempla.
