3034 4434
620 511 796 566 -161-

208 658 258 730 qui
277 657 380 716 horum
396 674 529 716 versuum
548 658 643 717 omnia
664 659 789 730 vestigia
802 658 901 717 deleta
913 659 1022 717 suntin
1035 657 1205 718 doctissimis
1218 675 1258 720 aea

208 734 332 795 Schohis
347 741 376 792 et
389 734 427 792 ad
436 734 598 794 Aristarchi
610 735 733 794 maxime
746 736 942 795 recensionem
952 735 1109 795 adornatis.
1129 736 1207 807 Age·

208 811 277 870 dum
296 827 393 884 porro,
413 811 562 870 Plutarchi
582 813 681 871 evolve
701 812 805 885 locum,
825 813 875 870 ubi
896 812 990 885 docet,
1010 819 1132 885 quatuor
1146 828 1207 871 ver·

207 905 257 946 sus
277 888 307 944 in
327 887 478 946 Phoenicis
499 889 629 948 oratione
650 889 687 947 ab
700 888 871 947 Aristarcho
892 890 1021 948 sublatos
1042 905 1105 948 esse
1119 893 1207 949 etre-

209 963 431 1037 stituendos⁴ltz
452 982 489 1023 ne
508 966 539 1023 hi
559 966 675 1039 quidem
688 966 717 1022 in
730 965 885 1023 Eustathio
900 971 952 1024 aut
965 965 1087 1026 Scholiis
1100 966 1206 1027 nostris

206 1046 412 1100 memorantur.
452 1042 514 1100 lam
534 1043 697 1102 convocatis
718 1041 838 1113 cunctis,
859 1043 908 1114 qui
922 1043 1098 1103 coniectores
1111 1044 1208 1116 perhi-

207 1119 315 1177 bentur
336 1123 366 1175 et
385 1119 559 1191 interpretes
574 1120 687 1192 priscae
702 1118 855 1176 vetustatis
870 1123 900 1177 at
912 1117 1007 1177 famae
1021 1119 1162 1192 sepultae,
1183 1120 1208 1178 si

207 1210 309 1254 verum
329 1210 423 1264 amas,
450 1196 581 1255 consulta
600 1197 764 1268 nobiscum,
790 1201 886 1252 utrum
906 1195 946 1267 is,
967 1196 1016 1266 qui
1035 1202 1080 1255 tot
1099 1213 1208 1269 versus,

207 1269 284 1331 forte
305 1286 431 1342 casuque
452 1271 489 1329 ad
509 1278 637 1331 nostram
657 1278 784 1330 aetatem
806 1271 926 1344 delatos,
948 1272 1011 1330 loco
1030 1273 1127 1345 movit,
1148 1280 1208 1346 aut,

208 1349 235 1407 si
257 1347 289 1405 id
308 1345 383 1406 forte
402 1348 432 1404 in
452 1348 622 1419 quibusdam
641 1349 755 1408 illorum
775 1354 843 1407 ante
868 1349 961 1420 ipsum
974 1349 1032 1406 iam
1044 1349 1208 1409 Zenodotus

208 1425 255 1483 vel
275 1425 325 1486 alii
344 1422 536 1498 fecerant⁴⁸l,
568 1432 663 1483 utrum
684 1427 733 1497 qui
752 1424 783 1482 in
801 1424 928 1484 Homero
948 1425 990 1483 sic
1009 1425 1116 1483 versati
1142 1431 1209 1485 sunt

209 1502 293 1574 quasi
308 1500 480 1560 exasciando
496 1507 526 1560 et
538 1501 682 1575 poliendo,
696 1503 812 1574 integra
825 1517 915 1575 opera
928 1502 989 1559 eius
1001 1500 1126 1560 edidisse
1140 1518 1209 1574 que-

208 1583 260 1637 ant
280 1577 380 1650 videri,
401 1594 438 1636 an
459 1578 570 1650 aliquid
590 1585 709 1651 praeter
721 1578 773 1636 illa
785 1578 935 1651 recidisse,
955 1578 1031 1648 quod
1043 1578 1129 1637 hodie
1142 1595 1209 1636 nus-

209 1671 296 1728 quam
317 1656 457 1728 supersit3
478 1655 601 1727 denique
621 1671 689 1712 num
709 1659 821 1713 textum
840 1655 885 1712 vel
904 1653 1061 1714 habeamus
1075 1655 1120 1712 vel
1133 1655 1209 1713 nori-

208 1748 273 1790 mus
296 1730 369 1790 adeo
383 1731 553 1790 Aristarcho
574 1733 762 1804 superiorem.
796 1731 909 1804 Quippe
929 1730 966 1790 ad
979 1731 1054 1789 hunc
1066 1732 1097 1788 in
1109 1731 1208 1804 primis

208 1813 358 1867 auctorem
378 1806 546 1866 referendas
561 1824 624 1867 esse
638 1809 741 1867 lituras
755 1809 835 1881 istas,
854 1808 960 1867 collata
972 1808 1048 1866 inter
1057 1824 1089 1866 se
1100 1813 1130 1866 et
1139 1823 1208 1880 pen-

208 1886 299 1944 sitata
319 1885 413 1943 omnia
432 1901 529 1943 rerum
542 1892 687 1944 momenta
701 1885 815 1944 docent.
849 1884 957 1943 Verum
969 1885 1044 1942 istae
1057 1885 1163 1951 liturae
1176 1891 1209 1943 ut

208 1959 328 2020 defendi
345 1961 457 2034 possint
470 1978 577 2035 omnes,
598 1965 645 2032 (aa
658 1962 729 2020 mihi
743 1961 860 2034 quidem
877 1963 966 2020 etiam
979 1961 1131 2020 Phoenicis
1145 1977 1208 2021 ver·
1220 1989 1259 2031 2⁶3

209 2055 258 2097 sus
279 2037 359 2095 uncis
381 2037 461 2110 digni
481 2039 661 2111 videbantur,
682 2039 737 2096 nisi
757 2055 803 2097 me
819 2040 949 2111 gravium
963 2044 994 2097 et
1006 2044 1156 2098 acutorum
1168 2039 1207 2096 vi-

207 2132 306 2175 rorum
326 2131 480 2173 consensus
501 2116 712 2188 deterruisset)
732 2117 849 2174 minime
869 2121 966 2174 tamen
985 2115 1143 2189 probabilis
1163 2122 1209 2175 est

208 2193 259 2250 illa
278 2191 442 2251 Aristarchi
461 2192 549 2261 ratio,
575 2209 644 2265 qua,
673 2193 697 2250 si
725 2190 797 2251 fides
819 2198 864 2250 est
883 2193 1048 2265 Athenaeo,
1073 2209 1159 2251 versu
1178 2193 1208 2251 in
1287 2260 1289 2263 ¹

208 2269 301 2326 Iliade
322 2267 418 2326 deleto
438 2269 612 2327 sententiam
631 2270 785 2342 pervertit,
812 2268 992 2341 eundemque
1011 2285 1125 2328 versum
1145 2285 1208 2328 cum

210 2351 334 2416 quatuor
353 2345 417 2402 aliis
438 2345 532 2403 alieno
552 2346 614 2404 loco
628 2345 778 2403 transtulit
790 2345 820 2402 in
835 2344 1047 2418 Odysseam42).
1079 2345 1208 2405 Tametsi

207 2505 429 2627 limpidii?
450 2506 510 2585 'arar'
528 2502 674 2574 Εὐριπίδην
695 2503 812 2584 inductu)
835 2505 928 2559 refert.
964 2504 1048 2572 Atqui
1065 2504 1110 2557 hic
1127 2504 1207 2584 Euri·

207 2571 1207 2710 clitellilqlhhathrltltiatllhrlhhaalhth
1273 2623 1277 2630 ·

208 2711 276 2765 lonis
300 2710 505 2778 opponebantur
521 2725 571 2776 pro
599 2709 683 2763 Gatal.
702 2712 744 2764 65.
771 2712 853 2778 (558.)
870 2726 916 2777 ap.
933 2709 1020 2764 Strab.
1039 2709 1085 2770 1x.
1124 2752 1130 2763 .
1148 2713 1207 2765 394.

209 2781 291 2860 (604.)
309 2794 426 2900 ananam
444 2777 566 2831 venerint
584 2778 612 2858 in
629 2777 731 2856 scripta
748 2779 926 2858 exemplaria,
953 2776 1094 2858 dubitari·¹
1104 2783 1207 2858 ortasse

208 2847 279 2902 hcet.
315 2846 348 2901 Se
385 2845 457 2915 quod
474 2861 520 2900 eos
536 2845 615 2900 hodie
633 2861 687 2899 non
704 2861 731 2898 111
748 2845 976 2914 ordmelegrmus,
993 2846 1207 2901 vrxahrorrtrco

209 2915 324 2970 debetur
341 2931 421 2983 quam
439 2913 605 2970 Aristarcho·

276 3002 314 3068 ⁴⁷)
335 3000 377 3054 De
401 2998 461 3053 aud.
480 2998 568 3066 poetis
584 3017 611 3068 p.
628 3003 670 3054 26.
688 2999 721 3054 F.
751 2998 779 3051 ‘0
803 2998 898 3058 Φοῖνιξ
922 2999 965 3051 διὰ
990 2999 1040 3070 τὴν
1058 2999 1208 3053 παλλακίδα

210 3069 367 3139 κατάρατος
389 3068 440 3120 ὑπὸ
464 3071 512 3120 τοῦ
536 3069 638 3138 πατρὸς
659 3068 822 3137 γενόμενος,
852 3063 914 3126 Τὸν
941 3067 1001 3132 μὲν
1029 3067 1108 3136 ἐγὼ,
1140 3070 1207 3140 φησὶ

209 3137 320 3259 κὶταῑῂ
336 3135 362 3188 ‘0
378 3136 433 3260 1ἑέιέ
445 3135 624 3210 Ἀρίσταρχος
641 3135 755 3196 ἐξεῖλε
773 3138 884 3188 ταῦτα
901 3135 939 3187 τὰ
957 3134 1017 3205 ἔπη
1034 3137 1208 3206 φοβηθείς

210 3220 260 3260 ec.
321 3225 363 3259 ,1.
436 3219 507 3272 sqq.

277 3291 314 3357 ⁴⁸)
330 3291 390 3344 Hoc
407 3290 541 3344 Kusterus
558 3290 713 3361 opponebat
730 3288 873 3369 Giphanio,
891 3289 992 3344 Hister.
1008 3290 1067 3346 crit.
1079 3291 1161 3370 Hom..
1169 3291 1207 3360 11,

209 3358 471 3483 &dammum
481 3374 589 3413 causam
602 3373 763 3428 cognoscere
775 3363 864 3428 potmt
874 3363 931 3411 tum
943 3365 1055 3430 propter
1066 3374 1207 3427 penurram

277 3514 313 3584 49)
330 3512 430 3566 Athen.
448 3511 495 3568 IV.
512 3529 574 3582 pag.
596 3517 652 3569 180.
671 3529 699 3568 se
719 3551 726 3565 .
751 3529 804 3582 quo
827 3511 886 3566 loco
912 3511 1002 3566 nullus
1022 3516 1064 3566 est
1080 3500 1206 3580 omniunr‘,

210 3582 256 3650 qui
273 3586 336 3636 sunt
353 3580 386 3635 de
404 3580 571 3651 Aristarcho,
587 3529 793 3636 memoraffiilior.
813 3579 985 3649 Quapropter
993 3594 1074 3647 saepe
1086 3593 1145 3657 sum
1157 3581 1207 3633 mi-

209 3655 291 3718 ratus,
310 3664 365 3716 cur,
384 3664 466 3717 quum
478 3649 501 3703 is
512 3649 586 3705 locus
599 3649 685 3705 doctis
697 3649 845 3706 editorrhus
856 3648 922 3703 satis
933 3654 1012 3702 notus
1024 3646 1114 3713 ruent,
1123 3652 1206 3717 atque

208 3718 278 3774 bene
291 3716 433 3785 explicitus
445 3731 462 3770 a
474 3717 640 3786 (lasauhono,
658 3718 759 3788 (Clark.
771 3718 853 3772 etiam
864 3715 947 3770 verba
956 3715 1104 3784 apposuit)
1115 3720 1206 3772 minen

234 3814 322 3863 Woll,
335 3813 503 3862 Prolegomens.
1028 3814 1053 3853 11
