3034 4434
612 536 790 590 ..39-

269 684 353 743 Adeo
374 700 445 744 sero
458 684 624 744 litteratura
637 683 816 743 Graecorum
831 684 965 742 absoluta
979 691 1024 742 est
1039 691 1069 743 et
1081 684 1201 744 redacta
1215 695 1240 735 ⁶⁴

207 762 230 818 in
248 761 386 833 ordinem,
407 761 543 834 primum,
563 768 595 819 ut
614 761 713 819 multis
728 760 876 819 decausis
893 761 1022 832 coniicio,
1043 762 1072 818 in
1085 762 1121 820 iis
1135 761 1202 819 civi-

206 837 314 908 tatibus,
334 854 413 910 quae
435 837 563 898 Siciliam
582 844 613 897 et
631 837 769 910 Magnam
791 837 942 896 Graeciam
963 838 1116 911 tenebant,
1141 845 1203 897 tum

205 914 289 974 inilla
301 915 429 988 posthac
441 915 604 974 litterarum
618 911 871 973 conficientissima
884 914 966 987 urbe,
979 912 1111 974 Athenis.
1145 914 1204 974 Sed

205 992 358 1050 cavendum
379 998 427 1050 est
446 1008 556 1064 rursus,
579 1008 617 1050 ne
637 997 696 1049 tam
716 1007 813 1048 serum
833 1007 916 1048 usum
938 991 1084 1049 scribendi
1103 991 1204 1050 meda·

204 1085 267 1135 nus,
288 1075 341 1128 aut
360 1068 392 1127 iu
411 1069 492 1128 omni
505 1067 628 1128 Graecia
642 1067 743 1127 eodem
763 1072 895 1140 tempore
913 1067 1085 1127 institutum.
1118 1069 1203 1127 Iones

204 1144 313 1217 quidem
335 1161 425 1217 quum
455 1150 500 1204 tot
527 1145 592 1204 aliis
612 1143 700 1203 rebus
720 1144 858 1217 Europae
879 1151 1021 1216 cognatae
1042 1146 1204 1217 exemplum

203 1222 344 1282 nitidioris
357 1221 454 1280 cultus
475 1221 578 1281 darent
598 1227 629 1280 at
640 1220 758 1280 humani
772 1226 803 1279 et
815 1221 917 1294 civilis,
930 1227 1102 1294 matureque
1115 1222 1203 1280 variis

204 1298 310 1357 artibus
323 1304 356 1358 et
368 1299 547 1358 commerciis
561 1290 707 1370 florerent,
728 1298 774 1355 vel
782 1304 899 1364 tacente
911 1297 1036 1357 historia
1049 1299 1204 1357 verisimile

205 1381 291 1447 esset,
322 1392 374 1434 eos
399 1375 486 1434 huius
516 1391 629 1448 quoque
654 1375 825 1449 praeclarae
855 1375 899 1432 rei
919 1375 1074 1433 utilitatem
1094 1377 1202 1448 primos
1216 1386 1246 1433 ⁶⁵.

204 1451 440 1511 animadvertisse
466 1459 497 1512 et
520 1452 558 1511 ad
589 1468 653 1511 eam
680 1451 808 1511 studium
829 1458 859 1510 et
878 1451 1027 1524 ingenium
1046 1452 1203 1511 contulisse

205 1546 291 1587 snum.
314 1528 430 1602 Quippe
444 1528 501 1587 illis
516 1528 727 1604 exspectandus
741 1545 799 1588 non
812 1527 868 1586 fuit
882 1527 1066 1586 Callistratus
1081 1527 1204 1602 Samius,

205 1612 233 1664 nt
244 1605 358 1678 aliquid
371 1606 481 1679 scripto
494 1607 664 1679 consignare
678 1611 841 1665 tentarent:
856 1605 913 1663 iam
924 1610 991 1662 anta
1004 1604 1080 1663 hunc
1091 1621 1204 1678 papyro

205 1684 244 1741 usi
257 1689 340 1754 sunt3
354 1683 441 1742 immo
455 1688 522 1742 ante
537 1683 714 1742 Simonidem
729 1688 760 1740 at
773 1677 978 1755 Epicharmum
992 1678 1109 1738 dierunt
1121 1682 1204 1753 lyrici

205 1766 315 1832 poetae,
336 1765 368 1817 et
379 1760 470 1818 Ionici
491 1766 519 1818 at
532 1760 654 1832 Aeolici,
675 1760 725 1831 qui
744 1758 794 1818 illo
815 1757 993 1817 adminiculo
1007 1754 1204 1816 faciendorum

206 1835 368 1896 darminum
388 1852 489 1895 carere
508 1837 556 1896 vix
575 1842 703 1910 possent
736 1836 869 1907 Denique
888 1835 918 1892 in
939 1850 975 1892 ea
988 1833 1114 1901 civitate,
1129 1849 1204 1905 quae
1256 1899 1259 1906 ,

205 1914 352 1986 anuquum
376 1913 564 1986 alphabetum
590 1913 752 1972 diutissime
772 1912 906 1984 retinuit,
936 1910 1047 1984 Olymp.
1067 1909 1203 1968 XXXIX.

205 1993 292 2050 minor
311 2006 449 2048 numerus
468 1990 631 2049 litterarum
644 1989 758 2048 suffecit
770 1989 913 2049 Draconis
926 1987 1040 2061 legibus
1054 1987 1204 2061 ponendis.

207 2067 309 2139 Quidni
339 2066 418 2125 idem
441 2083 578 2126 numerus
603 2066 751 2127 suffecerit
775 2066 906 2124 maximis
936 2065 1145 2138 voluminibus,
1180 2065 1205 2123 si

205 2145 285 2204 modo
299 2150 411 2203 catum
424 2144 535 2203 usitata
547 2143 673 2216 fuerumt,
694 2144 754 2203 sive
770 2158 806 2200 ex
818 2143 953 2216 pellibus,
967 2143 1028 2200 sive
1043 2159 1079 2200 ex
1093 2158 1205 2216 papyro

205 2220 370 2294 aegyptia?
390 2220 507 2280 Etiam
527 2221 637 2294 aliquot
657 2221 740 2278 annis
761 2226 829 2278 ante
842 2220 984 2279 Draconis
1004 2220 1206 2292 magistratum

206 2295 342 2357 beneficio
361 2296 567 2358 Psammetichi
586 2297 738 2371 Aegyptus
768 2294 917 2369 patefacta
942 2302 1006 2355 erat
1025 2296 1206 2356 commerciis

206 2374 311 2449 Ionum,
332 2380 366 2433 ut
384 2372 552 2434 facultatem
572 2375 677 2449 papyri
696 2374 805 2433 habere
825 2373 980 2447 potuerint.
1022 2371 1076 2431 Cui
1095 2373 1206 2431 coniec-

207 2459 286 2512 turae
305 2467 344 2509 ne
363 2451 502 2511 historica
521 2450 593 2511 fides
613 2451 743 2519 deesset,
774 2466 860 2522 qnam
889 2449 990 2523 paucis
1017 2448 1112 2506 verbis
1133 2463 1206 2520 opus

205 2525 306 2588 inisset
319 2526 482 2602 Herodoto,
502 2529 558 2587 nisi
574 2527 693 2588 Graecis
714 2527 880 2600 scripsisset
898 2525 981 2583 solis!
1002 2525 1086 2582 Nunc
1104 2524 1135 2580 in
1148 2523 1207 2597 pri-

206 2607 255 2665 mis
278 2605 405 2665 molesta
430 2611 475 2664 est
499 2605 661 2666 obscuritas
689 2604 811 2663 duorum
836 2602 1030 2673 saeculorum,
1062 2600 1157 2673 octavi
1177 2605 1207 2657 et

206 2683 319 2757 septimi
338 2682 500 2753 antechr,
519 2683 550 2740 in
569 2681 672 2754 quibus
692 2682 743 2740 illa
763 2697 835 2753 gens
855 2678 996 2751 igniculos
1016 2677 1206 2750 politissimae

205 2758 391 2819 humanitatis
411 2758 519 2817 dudum
538 2763 689 2832 susceptos
709 2758 828 2830 egregie
848 2756 980 2830 protulit,
1001 2754 1082 2814 etad
1095 2769 1208 2814 omnem

207 2837 405 2896 excellentiam
425 2836 530 2895 artium
550 2835 736 2894 admirabiles
757 2850 929 2907 progressus
948 2829 1026 2890 fecit.
1065 2832 1150 2903 Nam,
1170 2846 1208 2889 ne

207 2913 239 2972 de
263 2914 328 2972 aliis
353 2913 485 2986 plurimis
513 2913 654 2972 institutis
682 2911 794 2981 dicam,
820 2927 941 2983 quorum
962 2909 1073 2968 semina
1093 2909 1123 2966 in
1143 2909 1207 2966 istis

206 2991 331 3049 tenebris
351 2991 431 3048 iacta
450 2996 525 3063 sunt,
545 2990 575 3047 in
594 2989 645 3046 illa
657 2989 781 3047 maxime
795 2988 921 3058 saeorda,
942 2986 1204 3045 aLacedaemonio
1270 3041 1272 3046 .

206 3065 338 3140 Lycurgo
357 3066 497 3138 proxima,
517 3067 589 3126 artis
609 3065 781 3138 scriptoriae
800 3065 923 3137 primum
936 3063 1139 3123 notabiliorem
1153 3079 1205 3135 pu·

206 3142 307 3202 hlicnm
327 3160 413 3202 usum
432 3148 463 3201 et
481 3144 559 3202 ultra
566 3143 769 3215 inscriptiones
783 3156 968 3214 progressum
980 3139 1127 3205 incidisse,
1146 3144 1206 3196 tum

207 3220 362 3279 coniectari
381 3236 439 3279 non
457 3220 581 3292 temere,
612 3224 673 3277 tum
694 3234 730 3276 ex
749 3218 892 3277 nonnrdlis
913 3217 1045 3289 vestigiis
1065 3216 1206 3275 historiae

206 3297 244 3356 ita
262 3297 390 3369 intelligi
409 3297 489 3368 licet,
507 3302 540 3356 ut
559 3296 721 3372 perspicuis
741 3295 914 3355 testimoniis
933 3295 1028 3352 minus
1049 3309 1137 3365 aegre
1157 3307 1204 3350 ca·
1221 3314 1246 3354 eo

208 3388 327 3432 reamus.

209 3551 414 3623 hypapantem)
432 3550 536 3631 ἀρχαία
553 3565 602 3603 seu
618 3549 718 3602 Ἀττικὰ
731 3550 894 3670 ἴράμματα.
929 3545 990 3600 Etsi
1008 3547 1041 3601 dc
1058 3545 1101 3599 his
1119 3543 1205 3597 diver-

211 3634 251 3673 sae
269 3629 332 3675 sunt
351 3625 502 3674 sententiae
521 3616 676 3674 doctorum:
694 3633 718 3670 r.
745 3624 803 3685 ntp.
821 3616 856 3672 ad
869 3617 1031 3684 Harpocrat.
1049 3629 1074 3667 v.
1085 3611 1208 3668 Ἀττικοῖς

211 3690 350 3758 γράμμασι
367 3693 418 3741 etc.
