<?xml version="1.0" encoding="UTF-8"?>
<!DOCTYPE html PUBLIC "-//W3C//DTD XHTML 1.0 Transitional//EN"
    "http://www.w3.org/TR/xhtml1/DTD/xhtml1-transitional.dtd">
<html xmlns="http://www.w3.org/1999/xhtml" xml:lang="en" lang="en">
 <head>
  <title>
</title>
<meta http-equiv="Content-Type" content="text/html;charset=utf-8" />
  <meta name='ocr-system' content='tesseract 3.04.00' />
  <meta name='ocr-capabilities' content='ocr_page ocr_carea ocr_par ocr_line ocrx_word'/>
</head>
<body>
  <div class='ocr_page' id='page_1' title='image "./prolegomenaadho00wolfgoog/prolegomenaadho00wolfgoog_0193.png"; bbox 0 0 3034 4434; ppageno 0'>
   <div class='ocr_carea' id='block_1_1' title="bbox 596 547 825 643">
    <p class='ocr_par' dir='ltr' id='par_1_1' title="bbox 596 547 825 643">
     <span class='ocr_line' id='line_1_1' title="bbox 596 547 825 643; baseline 0 -37"><span class='ocrx_word' id='word_1_1' title='bbox 596 623 600 631; x_wconf 91' lang='lat'>.</span> <span class='ocrx_word' id='word_1_2' title='bbox 645 547 758 643; x_wconf 75' lang='lat' dir='ltr'><strong>-ua</strong></span> <span class='ocrx_word' id='word_1_3' title='bbox 791 578 825 588; x_wconf 91' lang='lat'>-</span> 
     </span>
    </p>
   </div>
   <div class='ocr_carea' id='block_1_2' title="bbox 231 699 1235 1080">
    <p class='ocr_par' dir='ltr' id='par_1_2' title="bbox 231 699 1235 1080">
     <span class='ocr_line' id='line_1_2' title="bbox 231 699 1234 776; baseline 0.001 -17"><span class='ocrx_word' id='word_1_4' title='bbox 231 701 339 776; x_wconf 86' lang='lat' dir='ltr'><strong>poetis,</strong></span> <span class='ocrx_word' id='word_1_5' title='bbox 360 699 412 757; x_wconf 91' lang='lat' dir='ltr'><strong>sed</strong></span> <span class='ocrx_word' id='word_1_6' title='bbox 432 699 512 758; x_wconf 90' lang='lat' dir='ltr'><strong>cuius</strong></span> <span class='ocrx_word' id='word_1_7' title='bbox 533 700 660 757; x_wconf 90' lang='lat' dir='ltr'><strong>carmina</strong></span> <span class='ocrx_word' id='word_1_8' title='bbox 680 699 767 758; x_wconf 90' lang='lat' dir='ltr'><strong>etiam</strong></span> <span class='ocrx_word' id='word_1_9' title='bbox 787 700 844 758; x_wconf 90' lang='lat' dir='ltr'><strong>alio</strong></span> <span class='ocrx_word' id='word_1_10' title='bbox 870 699 955 759; x_wconf 92' lang='lat' dir='ltr'><strong>modo</strong></span> <span class='ocrx_word' id='word_1_11' title='bbox 975 699 1014 759; x_wconf 88' lang='lat' dir='ltr'><strong>ad</strong></span> <span class='ocrx_word' id='word_1_12' title='bbox 1032 701 1234 774; x_wconf 77' lang='lat' dir='ltr'><strong>posteritatem</strong></span> 
     </span>
     <span class='ocr_line' id='line_1_3' title="bbox 233 775 1234 852; baseline -0.003 -14"><span class='ocrx_word' id='word_1_13' title='bbox 233 777 407 838; x_wconf 89' lang='lat' dir='ltr'><strong>transmissa</strong></span> <span class='ocrx_word' id='word_1_14' title='bbox 426 777 514 834; x_wconf 78' lang='lat' dir='ltr'><strong>sunt?</strong></span> <span class='ocrx_word' id='word_1_15' title='bbox 552 775 617 833; x_wconf 88' lang='lat' dir='ltr'><strong>Hac</strong></span> <span class='ocrx_word' id='word_1_16' title='bbox 636 791 668 834; x_wconf 91' lang='lat' dir='ltr'><strong>re</strong></span> <span class='ocrx_word' id='word_1_17' title='bbox 689 776 778 834; x_wconf 89' lang='lat' dir='ltr'><strong>etiam</strong></span> <span class='ocrx_word' id='word_1_18' title='bbox 797 792 847 835; x_wconf 89' lang='lat' dir='ltr'><strong>eas</strong></span> <span class='ocrx_word' id='word_1_19' title='bbox 867 777 962 850; x_wconf 80' lang='lat' dir='ltr'><strong>leges,</strong></span> <span class='ocrx_word' id='word_1_20' title='bbox 990 793 1064 849; x_wconf 89' lang='lat' dir='ltr'><strong>quae</strong></span> <span class='ocrx_word' id='word_1_21' title='bbox 1084 778 1157 837; x_wconf 87' lang='lat' dir='ltr'><strong>alias</strong></span> <span class='ocrx_word' id='word_1_22' title='bbox 1175 779 1234 852; x_wconf 91' lang='lat' dir='ltr'><strong>pri·</strong></span> 
     </span>
     <span class='ocr_line' id='line_1_4' title="bbox 235 853 1194 925; baseline -0.001 -12"><span class='ocrx_word' id='word_1_23' title='bbox 235 855 348 913; x_wconf 90' lang='lat' dir='ltr'><strong>mariae</strong></span> <span class='ocrx_word' id='word_1_24' title='bbox 373 853 476 911; x_wconf 86' lang='lat' dir='ltr'><strong>merito</strong></span> <span class='ocrx_word' id='word_1_25' title='bbox 502 853 656 925; x_wconf 86' lang='lat' dir='ltr'><strong>habentur,</strong></span> <span class='ocrx_word' id='word_1_26' title='bbox 695 869 751 912; x_wconf 92' lang='lat' dir='ltr'><strong>non</strong></span> <span class='ocrx_word' id='word_1_27' title='bbox 775 869 842 911; x_wconf 88' lang='lat' dir='ltr'><strong>raro</strong></span> <span class='ocrx_word' id='word_1_28' title='bbox 867 853 973 912; x_wconf 84' lang='lat' dir='ltr'><strong>mutari</strong></span> <span class='ocrx_word' id='word_1_29' title='bbox 996 870 1115 913; x_wconf 88' lang='lat' dir='ltr'><strong>necesse</strong></span> <span class='ocrx_word' id='word_1_30' title='bbox 1141 861 1194 913; x_wconf 89' lang='lat' dir='ltr'><strong>est.</strong></span> 
     </span>
     <span class='ocr_line' id='line_1_5' title="bbox 298 929 1234 1004; baseline 0 -14"><span class='ocrx_word' id='word_1_31' title='bbox 298 932 373 990; x_wconf 84' lang='lat' dir='ltr'><strong>Nam</strong></span> <span class='ocrx_word' id='word_1_32' title='bbox 384 946 471 1001; x_wconf 87' lang='lat' dir='ltr'><strong>quum</strong></span> <span class='ocrx_word' id='word_1_33' title='bbox 482 930 557 987; x_wconf 91' lang='lat' dir='ltr'><strong>hunc</strong></span> <span class='ocrx_word' id='word_1_34' title='bbox 567 936 684 1002; x_wconf 89' lang='lat' dir='ltr'><strong>poetam</strong></span> <span class='ocrx_word' id='word_1_35' title='bbox 693 931 771 988; x_wconf 94' lang='lat' dir='ltr'><strong>nullo</strong></span> <span class='ocrx_word' id='word_1_36' title='bbox 781 929 866 989; x_wconf 94' lang='lat' dir='ltr'><strong>modo</strong></span> <span class='ocrx_word' id='word_1_37' title='bbox 876 931 965 988; x_wconf 87' lang='lat' dir='ltr'><strong>talem</strong></span> <span class='ocrx_word' id='word_1_38' title='bbox 974 932 1129 990; x_wconf 88' lang='lat' dir='ltr'><strong>restituere</strong></span> <span class='ocrx_word' id='word_1_39' title='bbox 1138 931 1234 1004; x_wconf 83' lang='lat' dir='ltr'><strong>beeat,</strong></span> 
     </span>
     <span class='ocr_line' id='line_1_6' title="bbox 234 1004 1235 1080; baseline 0.003 -16"><span class='ocrx_word' id='word_1_40' title='bbox 234 1008 331 1080; x_wconf 86' lang='lat' dir='ltr'><strong>qualis</strong></span> <span class='ocrx_word' id='word_1_41' title='bbox 352 1006 388 1065; x_wconf 92' lang='lat' dir='ltr'><strong>ab</strong></span> <span class='ocrx_word' id='word_1_42' title='bbox 409 1007 491 1065; x_wconf 92' lang='lat' dir='ltr'><strong>initio</strong></span> <span class='ocrx_word' id='word_1_43' title='bbox 511 1004 574 1078; x_wconf 83' lang='lat' dir='ltr'><strong>fuit,</strong></span> <span class='ocrx_word' id='word_1_44' title='bbox 595 1007 717 1079; x_wconf 89' lang='lat' dir='ltr'><strong>primum</strong></span> <span class='ocrx_word' id='word_1_45' title='bbox 737 1007 848 1078; x_wconf 87' lang='lat' dir='ltr'><strong>aliquid</strong></span> <span class='ocrx_word' id='word_1_46' title='bbox 867 1007 1016 1066; x_wconf 86' lang='lat' dir='ltr'><strong>remittere</strong></span> <span class='ocrx_word' id='word_1_47' title='bbox 1036 1008 1235 1067; x_wconf 77' lang='grc'><strong>1111111111-</strong></span> 
     </span>
    </p>
   </div>
   <div class='ocr_carea' id='block_1_3' title="bbox 233 1081 1348 1160">
    <p class='ocr_par' dir='ltr' id='par_1_3' title="bbox 233 1081 1348 1160">
     <span class='ocr_line' id='line_1_7' title="bbox 233 1081 1348 1160; baseline 0.002 -17"><span class='ocrx_word' id='word_1_48' title='bbox 233 1086 339 1155; x_wconf 83' lang='lat' dir='ltr'><strong>ritate,</strong></span> <span class='ocrx_word' id='word_1_49' title='bbox 370 1099 427 1154; x_wconf 85' lang='lat' dir='ltr'><strong>qua</strong></span> <span class='ocrx_word' id='word_1_50' title='bbox 457 1083 530 1141; x_wconf 88' lang='lat' dir='ltr'><strong>alias</strong></span> <span class='ocrx_word' id='word_1_51' title='bbox 550 1083 641 1155; x_wconf 89' lang='lat' dir='ltr'><strong>nibil,</strong></span> <span class='ocrx_word' id='word_1_52' title='bbox 672 1084 729 1142; x_wconf 90' lang='lat' dir='ltr'><strong>nisi</strong></span> <span class='ocrx_word' id='word_1_53' title='bbox 753 1083 830 1156; x_wconf 83' lang='lat' dir='ltr'><strong>quod</strong></span> <span class='ocrx_word' id='word_1_54' title='bbox 854 1081 1014 1155; x_wconf 89' lang='lat' dir='ltr'><strong>profectum</strong></span> <span class='ocrx_word' id='word_1_55' title='bbox 1039 1085 1078 1143; x_wconf 93' lang='lat' dir='ltr'><strong>sit</strong></span> <span class='ocrx_word' id='word_1_56' title='bbox 1097 1085 1133 1144; x_wconf 87' lang='lat' dir='ltr'><strong>ab</strong></span> <span class='ocrx_word' id='word_1_57' title='bbox 1153 1085 1234 1160; x_wconf 89' lang='lat' dir='ltr'><strong>ipsis,</strong></span> <span class='ocrx_word' id='word_1_58' title='bbox 1346 1146 1348 1152; x_wconf 80' lang='grc'><strong>,</strong></span> 
     </span>
    </p>
   </div>
   <div class='ocr_carea' id='block_1_4' title="bbox 232 1159 1296 3382">
    <p class='ocr_par' dir='ltr' id='par_1_4' title="bbox 234 1159 1235 1463">
     <span class='ocr_line' id='line_1_8' title="bbox 234 1159 1234 1236; baseline -0.001 -16"><span class='ocrx_word' id='word_1_59' title='bbox 234 1162 307 1220; x_wconf 88' lang='lat' dir='ltr'><strong>dare</strong></span> <span class='ocrx_word' id='word_1_60' title='bbox 328 1161 470 1231; x_wconf 86' lang='lat' dir='ltr'><strong>volumus,</strong></span> <span class='ocrx_word' id='word_1_61' title='bbox 503 1161 630 1219; x_wconf 90' lang='lat' dir='ltr'><strong>contenti</strong></span> <span class='ocrx_word' id='word_1_62' title='bbox 655 1175 719 1218; x_wconf 87' lang='lat' dir='ltr'><strong>esse</strong></span> <span class='ocrx_word' id='word_1_63' title='bbox 739 1160 890 1232; x_wconf 76' lang='lat' dir='ltr'><strong>debentne,</strong></span> <span class='ocrx_word' id='word_1_64' title='bbox 910 1161 935 1218; x_wconf 88' lang='lat' dir='ltr'><strong>si</strong></span> <span class='ocrx_word' id='word_1_65' title='bbox 955 1177 1019 1219; x_wconf 90' lang='lat' dir='ltr'><strong>eam</strong></span> <span class='ocrx_word' id='word_1_66' title='bbox 1039 1159 1158 1220; x_wconf 86' lang='lat' dir='ltr'><strong>formam</strong></span> <span class='ocrx_word' id='word_1_67' title='bbox 1178 1163 1234 1236; x_wconf 91' lang='lat' dir='ltr'><strong>ipsi</strong></span> 
     </span>
     <span class='ocr_line' id='line_1_9' title="bbox 235 1236 1234 1311; baseline 0 -15"><span class='ocrx_word' id='word_1_68' title='bbox 235 1237 362 1296; x_wconf 91' lang='lat' dir='ltr'><strong>reddere</strong></span> <span class='ocrx_word' id='word_1_69' title='bbox 388 1236 501 1309; x_wconf 88' lang='lat' dir='ltr'><strong>licebit,</strong></span> <span class='ocrx_word' id='word_1_70' title='bbox 526 1252 612 1308; x_wconf 88' lang='lat' dir='ltr'><strong>quam</strong></span> <span class='ocrx_word' id='word_1_71' title='bbox 638 1236 753 1295; x_wconf 90' lang='lat' dir='ltr'><strong>erudita</strong></span> <span class='ocrx_word' id='word_1_72' title='bbox 773 1237 930 1309; x_wconf 85' lang='lat' dir='ltr'><strong>antiquitas</strong></span> <span class='ocrx_word' id='word_1_73' title='bbox 949 1238 1072 1296; x_wconf 85' lang='lat' dir='ltr'><strong>maxime</strong></span> <span class='ocrx_word' id='word_1_74' title='bbox 1091 1239 1234 1311; x_wconf 87' lang='lat' dir='ltr'><strong>probavit.</strong></span> 
     </span>
     <span class='ocr_line' id='line_1_10' title="bbox 236 1312 1235 1388; baseline 0.001 -15"><span class='ocrx_word' id='word_1_75' title='bbox 236 1315 361 1386; x_wconf 90' lang='lat' dir='ltr'><strong>[Omitto</strong></span> <span class='ocrx_word' id='word_1_76' title='bbox 383 1312 480 1370; x_wconf 89' lang='lat' dir='ltr'><strong>dicere</strong></span> <span class='ocrx_word' id='word_1_77' title='bbox 501 1312 537 1370; x_wconf 91' lang='lat' dir='ltr'><strong>de</strong></span> <span class='ocrx_word' id='word_1_78' title='bbox 558 1313 724 1386; x_wconf 72' lang='lat' dir='ltr'><strong>accuratol)</strong></span> <span class='ocrx_word' id='word_1_79' title='bbox 744 1330 799 1371; x_wconf 90' lang='lat' dir='ltr'><strong>usu</strong></span> <span class='ocrx_word' id='word_1_80' title='bbox 818 1313 1020 1383; x_wconf 88' lang='lat' dir='ltr'><strong>subsidiorum,</strong></span> <span class='ocrx_word' id='word_1_81' title='bbox 1040 1315 1235 1388; x_wconf 61' lang='grc'><strong>111131111-</strong></span> 
     </span>
     <span class='ocr_line' id='line_1_11' title="bbox 234 1389 1042 1463; baseline -0.004 -13"><span class='ocrx_word' id='word_1_82' title='bbox 234 1392 351 1449; x_wconf 87' lang='lat' dir='ltr'><strong>maticis</strong></span> <span class='ocrx_word' id='word_1_83' title='bbox 371 1389 484 1461; x_wconf 82' lang='lat' dir='ltr'><strong>legibus</strong></span> <span class='ocrx_word' id='word_1_84' title='bbox 505 1391 654 1462; x_wconf 87' lang='lat' dir='ltr'><strong>universis,</strong></span> <span class='ocrx_word' id='word_1_85' title='bbox 674 1390 777 1461; x_wconf 90' lang='lat' dir='ltr'><strong>quibus</strong></span> <span class='ocrx_word' id='word_1_86' title='bbox 798 1391 900 1457; x_wconf 86' lang='lat' dir='ltr'><strong>critica</strong></span> <span class='ocrx_word' id='word_1_87' title='bbox 919 1391 1042 1463; x_wconf 76' lang='lat' dir='ltr'><strong>militen]</strong></span> 
     </span>
    </p>

    <p class='ocr_par' dir='ltr' id='par_1_5' title="bbox 232 1465 1296 2158">
     <span class='ocr_line' id='line_1_12' title="bbox 315 1465 1234 1539; baseline 0 -14"><span class='ocrx_word' id='word_1_88' title='bbox 315 1466 448 1539; x_wconf 82' lang='lat' dir='ltr'><strong>Codices,</strong></span> <span class='ocrx_word' id='word_1_89' title='bbox 469 1482 590 1537; x_wconf 89' lang='lat' dir='ltr'><strong>quorum</strong></span> <span class='ocrx_word' id='word_1_90' title='bbox 610 1483 678 1524; x_wconf 92' lang='lat' dir='ltr'><strong>usus</strong></span> <span class='ocrx_word' id='word_1_91' title='bbox 693 1467 775 1526; x_wconf 90' lang='lat' dir='ltr'><strong>uobis</strong></span> <span class='ocrx_word' id='word_1_92' title='bbox 789 1483 864 1524; x_wconf 91' lang='lat' dir='ltr'><strong>nunc</strong></span> <span class='ocrx_word' id='word_1_93' title='bbox 878 1467 916 1525; x_wconf 89' lang='lat' dir='ltr'><strong>ad</strong></span> <span class='ocrx_word' id='word_1_94' title='bbox 928 1465 1049 1525; x_wconf 84' lang='lat' dir='ltr'><strong>Iliadem</strong></span> <span class='ocrx_word' id='word_1_95' title='bbox 1060 1468 1234 1526; x_wconf 89' lang='lat' dir='ltr'><strong>constituen-</strong></span> 
     </span>
     <span class='ocr_line' id='line_1_13' title="bbox 234 1543 1234 1616; baseline 0 -14"><span class='ocrx_word' id='word_1_96' title='bbox 234 1545 302 1603; x_wconf 91' lang='lat' dir='ltr'><strong>dam</strong></span> <span class='ocrx_word' id='word_1_97' title='bbox 330 1543 442 1616; x_wconf 66' lang='lat' dir='ltr'><strong>patetss)</strong></span> <span class='ocrx_word' id='word_1_98' title='bbox 468 1549 526 1615; x_wconf 88' lang='lat' dir='ltr'><strong>est,</strong></span> <span class='ocrx_word' id='word_1_99' title='bbox 553 1544 583 1600; x_wconf 93' lang='lat' dir='ltr'><strong>hi</strong></span> <span class='ocrx_word' id='word_1_100' title='bbox 606 1549 680 1600; x_wconf 84' lang='lat' dir='ltr'><strong>suni.</strong></span> <span class='ocrx_word' id='word_1_101' title='bbox 722 1543 830 1602; x_wconf 90' lang='lat' dir='ltr'><strong>Omitto</strong></span> <span class='ocrx_word' id='word_1_102' title='bbox 856 1560 905 1602; x_wconf 91' lang='lat' dir='ltr'><strong>eos</strong></span> <span class='ocrx_word' id='word_1_103' title='bbox 932 1544 1035 1614; x_wconf 89' lang='lat' dir='ltr'><strong>quiin</strong></span> <span class='ocrx_word' id='word_1_104' title='bbox 1063 1544 1184 1603; x_wconf 83' lang='lat' dir='ltr'><strong>Scholiis</strong></span> <span class='ocrx_word' id='word_1_105' title='bbox 1204 1550 1234 1602; x_wconf 91' lang='lat' dir='ltr'><strong>et</strong></span> 
     </span>
     <span class='ocr_line' id='line_1_14' title="bbox 232 1619 1235 1691; baseline -0.003 -11"><span class='ocrx_word' id='word_1_106' title='bbox 232 1620 349 1691; x_wconf 56' lang='lat' dir='ltr'><strong>auser)</strong></span> <span class='ocrx_word' id='word_1_107' title='bbox 374 1621 403 1677; x_wconf 90' lang='lat' dir='ltr'><strong>in</strong></span> <span class='ocrx_word' id='word_1_108' title='bbox 428 1620 524 1691; x_wconf 85' lang='lat' dir='ltr'><strong>Etym.</strong></span> <span class='ocrx_word' id='word_1_109' title='bbox 544 1620 586 1677; x_wconf 91' lang='lat' dir='ltr'><strong>M.</strong></span> <span class='ocrx_word' id='word_1_110' title='bbox 607 1620 728 1690; x_wconf 88' lang='lat' dir='ltr'><strong>aliisque</strong></span> <span class='ocrx_word' id='word_1_111' title='bbox 749 1619 951 1679; x_wconf 85' lang='lat' dir='ltr'><strong>Grammaticis</strong></span> <span class='ocrx_word' id='word_1_112' title='bbox 969 1626 1165 1680; x_wconf 90' lang='lat' dir='ltr'><strong>memorantur</strong></span> <span class='ocrx_word' id='word_1_113' title='bbox 1183 1626 1235 1678; x_wconf 89' lang='lat' dir='ltr'><strong>aut</strong></span> 
     </span>
     <span class='ocr_line' id='line_1_15' title="bbox 233 1695 1235 1756; baseline -0.001 0"><span class='ocrx_word' id='word_1_114' title='bbox 233 1699 390 1756; x_wconf 88' lang='lat' dir='ltr'><strong>lectionum</strong></span> <span class='ocrx_word' id='word_1_115' title='bbox 417 1696 453 1754; x_wconf 92' lang='lat' dir='ltr'><strong>ab</strong></span> <span class='ocrx_word' id='word_1_116' title='bbox 478 1696 534 1754; x_wconf 94' lang='grc'><strong>11111</strong></span> <span class='ocrx_word' id='word_1_117' title='bbox 560 1696 732 1754; x_wconf 87' lang='lat' dir='ltr'><strong>traditarum</strong></span> <span class='ocrx_word' id='word_1_118' title='bbox 762 1697 829 1755; x_wconf 91' lang='lat' dir='ltr'><strong>olim</strong></span> <span class='ocrx_word' id='word_1_119' title='bbox 859 1702 991 1755; x_wconf 89' lang='lat' dir='ltr'><strong>auctores</strong></span> <span class='ocrx_word' id='word_1_120' title='bbox 1018 1695 1142 1755; x_wconf 84' lang='lat' dir='ltr'><strong>fuerunt.</strong></span> <span class='ocrx_word' id='word_1_121' title='bbox 1187 1697 1235 1756; x_wconf 87' lang='lat' dir='ltr'><strong>Ita</strong></span> 
     </span>
     <span class='ocr_line' id='line_1_16' title="bbox 235 1773 1234 1846; baseline 0 -14"><span class='ocrx_word' id='word_1_122' title='bbox 235 1777 310 1832; x_wconf 91' lang='lat' dir='ltr'><strong>enim</strong></span> <span class='ocrx_word' id='word_1_123' title='bbox 342 1775 387 1832; x_wconf 87' lang='lat' dir='ltr'><strong>vel</strong></span> <span class='ocrx_word' id='word_1_124' title='bbox 415 1773 579 1846; x_wconf 86' lang='lat' dir='ltr'><strong>Sinopicus,</strong></span> <span class='ocrx_word' id='word_1_125' title='bbox 618 1773 743 1844; x_wconf 84' lang='lat' dir='ltr'><strong>Argivus</strong></span> <span class='ocrx_word' id='word_1_126' title='bbox 775 1779 805 1831; x_wconf 90' lang='lat' dir='ltr'><strong>et</strong></span> <span class='ocrx_word' id='word_1_127' title='bbox 833 1779 994 1832; x_wconf 89' lang='lat' dir='ltr'><strong>ceterarum</strong></span> <span class='ocrx_word' id='word_1_128' title='bbox 1024 1775 1173 1832; x_wconf 86' lang='lat' dir='ltr'><strong>civitatum</strong></span> <span class='ocrx_word' id='word_1_129' title='bbox 1203 1780 1234 1832; x_wconf 89' lang='lat' dir='ltr'><strong>et</strong></span> 
     </span>
     <span class='ocr_line' id='line_1_17' title="bbox 240 1849 1233 1923; baseline -0.001 -14"><span class='ocrx_word' id='word_1_130' title='bbox 240 1867 336 1910; x_wconf 90' lang='lat' dir='ltr'><strong>omnes</strong></span> <span class='ocrx_word' id='word_1_131' title='bbox 361 1866 454 1923; x_wconf 91' lang='lat' dir='ltr'><strong>paene</strong></span> <span class='ocrx_word' id='word_1_132' title='bbox 482 1849 739 1908; x_wconf 86' lang='lat' dir='ltr'><strong>Grammaticorum</strong></span> <span class='ocrx_word' id='word_1_133' title='bbox 764 1850 946 1910; x_wconf 84' lang='lat' dir='ltr'><strong>recensiones</strong></span> <span class='ocrx_word' id='word_1_134' title='bbox 963 1851 993 1907; x_wconf 92' lang='lat' dir='ltr'><strong>iu</strong></span> <span class='ocrx_word' id='word_1_135' title='bbox 1012 1850 1142 1909; x_wconf 90' lang='lat' dir='ltr'><strong>ordinem</strong></span> <span class='ocrx_word' id='word_1_136' title='bbox 1161 1850 1233 1908; x_wconf 89' lang='lat' dir='ltr'><strong>reci-</strong></span> 
     </span>
     <span class='ocr_line' id='line_1_18' title="bbox 239 1925 1233 2000; baseline 0.002 -16"><span class='ocrx_word' id='word_1_137' title='bbox 239 1926 337 2000; x_wconf 89' lang='lat' dir='ltr'><strong>piendi</strong></span> <span class='ocrx_word' id='word_1_138' title='bbox 363 1933 477 1996; x_wconf 90' lang='lat' dir='ltr'><strong>essent;</strong></span> <span class='ocrx_word' id='word_1_139' title='bbox 512 1927 640 1985; x_wconf 87' lang='lat' dir='ltr'><strong>Venetus</strong></span> <span class='ocrx_word' id='word_1_140' title='bbox 668 1926 839 1999; x_wconf 71' lang='grc'><strong>111411,</strong></span> <span class='ocrx_word' id='word_1_141' title='bbox 863 1925 1023 2000; x_wconf 89' lang='lat' dir='ltr'><strong>Lipsiensis</strong></span> <span class='ocrx_word' id='word_1_142' title='bbox 1043 1933 1074 1986; x_wconf 89' lang='lat' dir='ltr'><strong>et</strong></span> <span class='ocrx_word' id='word_1_143' title='bbox 1092 1926 1233 1986; x_wconf 86' lang='lat' dir='ltr'><strong>Vratisla·</strong></span> 
     </span>
     <span class='ocr_line' id='line_1_19' title="bbox 235 2003 1296 2078; baseline -0.001 -17"><span class='ocrx_word' id='word_1_144' title='bbox 235 2004 341 2062; x_wconf 89' lang='lat' dir='ltr'><strong>viensis</strong></span> <span class='ocrx_word' id='word_1_145' title='bbox 363 2004 400 2062; x_wconf 92' lang='lat' dir='ltr'><strong>ab</strong></span> <span class='ocrx_word' id='word_1_146' title='bbox 413 2003 549 2062; x_wconf 85' lang='lat' dir='ltr'><strong>Emestio</strong></span> <span class='ocrx_word' id='word_1_147' title='bbox 563 2003 634 2062; x_wconf 89' lang='lat' dir='ltr'><strong>satis</strong></span> <span class='ocrx_word' id='word_1_148' title='bbox 649 2003 806 2076; x_wconf 80' lang='lat' dir='ltr'><strong>diligenter</strong></span> <span class='ocrx_word' id='word_1_149' title='bbox 819 2004 957 2077; x_wconf 87' lang='lat' dir='ltr'><strong>excerpti,</strong></span> <span class='ocrx_word' id='word_1_150' title='bbox 976 2004 1149 2063; x_wconf 87' lang='lat' dir='ltr'><strong>Barnesiani</strong></span> <span class='ocrx_word' id='word_1_151' title='bbox 1162 2010 1232 2078; x_wconf 82' lang='lat' dir='ltr'><strong>tres,</strong></span> <span class='ocrx_word' id='word_1_152' title='bbox 1293 2056 1296 2060; x_wconf 86' lang='lat'>.</span> 
     </span>
     <span class='ocr_line' id='line_1_20' title="bbox 233 2079 1039 2158; baseline -0.001 -19"><span class='ocrx_word' id='word_1_153' title='bbox 233 2079 377 2139; x_wconf 85' lang='lat' dir='ltr'><strong>Alteriani</strong></span> <span class='ocrx_word' id='word_1_154' title='bbox 396 2081 534 2153; x_wconf 88' lang='lat' dir='ltr'><strong>quinque,</strong></span> <span class='ocrx_word' id='word_1_155' title='bbox 559 2081 589 2138; x_wconf 90' lang='lat' dir='ltr'><strong>iu</strong></span> <span class='ocrx_word' id='word_1_156' title='bbox 609 2080 712 2152; x_wconf 85' lang='lat' dir='ltr'><strong>quibus</strong></span> <span class='ocrx_word' id='word_1_157' title='bbox 733 2081 858 2139; x_wconf 86' lang='lat' dir='ltr'><strong>eminent</strong></span> <span class='ocrx_word' id='word_1_158' title='bbox 874 2101 904 2158; x_wconf 82' lang='lat' dir='ltr'><strong>p.</strong></span> <span class='ocrx_word' id='word_1_159' title='bbox 924 2086 955 2140; x_wconf 94' lang='lat' dir='ltr'><strong>et</strong></span> <span class='ocrx_word' id='word_1_160' title='bbox 976 2083 1039 2141; x_wconf 78' lang='grc'><strong>111.</strong></span> 
     </span>
    </p>

    <p class='ocr_par' dir='ltr' id='par_1_6' title="bbox 236 2154 1233 2306">
     <span class='ocr_line' id='line_1_21' title="bbox 312 2154 1233 2231; baseline 0.003 -17"><span class='ocrx_word' id='word_1_161' title='bbox 312 2154 372 2214; x_wconf 86' lang='lat' dir='ltr'><strong>Alii</strong></span> <span class='ocrx_word' id='word_1_162' title='bbox 392 2156 513 2215; x_wconf 89' lang='lat' dir='ltr'><strong>Codices</strong></span> <span class='ocrx_word' id='word_1_163' title='bbox 533 2158 608 2216; x_wconf 87' lang='lat' dir='ltr'><strong>unde</strong></span> <span class='ocrx_word' id='word_1_164' title='bbox 628 2157 683 2214; x_wconf 84' lang='lat' dir='ltr'><strong>viri</strong></span> <span class='ocrx_word' id='word_1_165' title='bbox 703 2156 862 2217; x_wconf 84' lang='lat' dir='ltr'><strong>doctissimi</strong></span> <span class='ocrx_word' id='word_1_166' title='bbox 875 2163 987 2217; x_wconf 91' lang='lat' dir='ltr'><strong>tantum</strong></span> <span class='ocrx_word' id='word_1_167' title='bbox 1000 2175 1055 2231; x_wconf 93' lang='lat' dir='ltr'><strong>per</strong></span> <span class='ocrx_word' id='word_1_168' title='bbox 1067 2158 1233 2218; x_wconf 85' lang='lat' dir='ltr'><strong>occasiones</strong></span> 
     </span>
     <span class='ocr_line' id='line_1_22' title="bbox 236 2233 1046 2306; baseline -0.002 -13"><span class='ocrx_word' id='word_1_169' title='bbox 236 2233 360 2293; x_wconf 86' lang='lat' dir='ltr'><strong>afferunt</strong></span> <span class='ocrx_word' id='word_1_170' title='bbox 379 2234 560 2306; x_wconf 87' lang='lat' dir='ltr'><strong>scripturam,</strong></span> <span class='ocrx_word' id='word_1_171' title='bbox 580 2240 613 2292; x_wconf 93' lang='lat' dir='ltr'><strong>ut</strong></span> <span class='ocrx_word' id='word_1_172' title='bbox 631 2233 757 2291; x_wconf 87' lang='lat' dir='ltr'><strong>Parisini</strong></span> <span class='ocrx_word' id='word_1_173' title='bbox 776 2235 836 2292; x_wconf 87' lang='lat' dir='ltr'><strong>alii.</strong></span> <span class='ocrx_word' id='word_1_174' title='bbox 1043 2264 1046 2273; x_wconf 95' lang='lat'>·</span> 
     </span>
    </p>

    <p class='ocr_par' dir='ltr' id='par_1_7' title="bbox 236 2309 1235 2536">
     <span class='ocr_line' id='line_1_23' title="bbox 314 2309 1234 2383; baseline 0.003 -14"><span class='ocrx_word' id='word_1_175' title='bbox 314 2311 379 2369; x_wconf 84' lang='lat' dir='ltr'><strong>Non</strong></span> <span class='ocrx_word' id='word_1_176' title='bbox 400 2326 453 2383; x_wconf 87' lang='lat' dir='ltr'><strong>per</strong></span> <span class='ocrx_word' id='word_1_177' title='bbox 473 2315 565 2373; x_wconf 90' lang='lat' dir='ltr'><strong>totum</strong></span> <span class='ocrx_word' id='word_1_178' title='bbox 584 2327 656 2383; x_wconf 87' lang='lat' dir='ltr'><strong>opus</strong></span> <span class='ocrx_word' id='word_1_179' title='bbox 677 2311 789 2368; x_wconf 89' lang='lat' dir='ltr'><strong>excussi</strong></span> <span class='ocrx_word' id='word_1_180' title='bbox 803 2309 978 2382; x_wconf 90' lang='lat' dir='ltr'><strong>Harlejanus</strong></span> <span class='ocrx_word' id='word_1_181' title='bbox 997 2316 1027 2370; x_wconf 91' lang='lat' dir='ltr'><strong>et</strong></span> <span class='ocrx_word' id='word_1_182' title='bbox 1039 2312 1134 2371; x_wconf 87' lang='lat' dir='ltr'><strong>Italici</strong></span> <span class='ocrx_word' id='word_1_183' title='bbox 1146 2311 1234 2372; x_wconf 79' lang='lat' dir='ltr'><strong>Bent-</strong></span> 
     </span>
     <span class='ocr_line' id='line_1_24' title="bbox 236 2386 1235 2460; baseline 0.001 -14"><span class='ocrx_word' id='word_1_184' title='bbox 236 2387 326 2459; x_wconf 89' lang='lat' dir='ltr'><strong>lejani</strong></span> <span class='ocrx_word' id='word_1_185' title='bbox 347 2386 558 2459; x_wconf 82' lang='lat' dir='ltr'><strong>Stephanlanus</strong></span> <span class='ocrx_word' id='word_1_186' title='bbox 579 2387 661 2458; x_wconf 73' lang='lat' dir='ltr'><strong>cnjus</strong></span> <span class='ocrx_word' id='word_1_187' title='bbox 681 2387 791 2444; x_wconf 69' lang='lat' dir='ltr'><strong>vanam</strong></span> <span class='ocrx_word' id='word_1_188' title='bbox 815 2387 986 2460; x_wconf 90' lang='lat' dir='ltr'><strong>scripturam</strong></span> <span class='ocrx_word' id='word_1_189' title='bbox 1007 2388 1085 2446; x_wconf 91' lang='lat' dir='ltr'><strong>etin</strong></span> <span class='ocrx_word' id='word_1_190' title='bbox 1106 2388 1235 2448; x_wconf 89' lang='lat' dir='ltr'><strong>editione</strong></span> 
     </span>
     <span class='ocr_line' id='line_1_25' title="bbox 237 2462 847 2536; baseline -0.005 -13"><span class='ocrx_word' id='word_1_191' title='bbox 237 2481 289 2523; x_wconf 90' lang='lat' dir='ltr'><strong>sua</strong></span> <span class='ocrx_word' id='word_1_192' title='bbox 310 2468 340 2522; x_wconf 93' lang='lat' dir='ltr'><strong>et</strong></span> <span class='ocrx_word' id='word_1_193' title='bbox 359 2464 389 2521; x_wconf 91' lang='lat' dir='ltr'><strong>iu</strong></span> <span class='ocrx_word' id='word_1_194' title='bbox 408 2463 556 2522; x_wconf 87' lang='lat' dir='ltr'><strong>Thesauro</strong></span> <span class='ocrx_word' id='word_1_195' title='bbox 575 2463 609 2521; x_wconf 88' lang='lat' dir='ltr'><strong>L.</strong></span> <span class='ocrx_word' id='word_1_196' title='bbox 631 2462 681 2521; x_wconf 87' lang='lat' dir='ltr'><strong>Gr.</strong></span> <span class='ocrx_word' id='word_1_197' title='bbox 702 2463 847 2536; x_wconf 86' lang='lat' dir='ltr'><strong>dispersit</strong></span> 
     </span>
    </p>

    <p class='ocr_par' dir='ltr' id='par_1_8' title="bbox 235 2538 1234 3382">
     <span class='ocr_line' id='line_1_26' title="bbox 325 2538 1234 2613; baseline -0.001 -14"><span class='ocrx_word' id='word_1_198' title='bbox 325 2538 446 2599; x_wconf 80' lang='lat' dir='ltr'><strong>Codices</strong></span> <span class='ocrx_word' id='word_1_199' title='bbox 473 2540 615 2599; x_wconf 89' lang='lat' dir='ltr'><strong>editorum</strong></span> <span class='ocrx_word' id='word_1_200' title='bbox 644 2545 774 2600; x_wconf 88' lang='lat' dir='ltr'><strong>veterum</strong></span> <span class='ocrx_word' id='word_1_201' title='bbox 802 2538 912 2598; x_wconf 89' lang='lat' dir='ltr'><strong>iudea</strong></span> <span class='ocrx_word' id='word_1_202' title='bbox 937 2538 1145 2613; x_wconf 83' lang='lat' dir='ltr'><strong>Chalcondyle;</strong></span> <span class='ocrx_word' id='word_1_203' title='bbox 1184 2541 1234 2613; x_wconf 90' lang='lat' dir='ltr'><strong>qui</strong></span> 
     </span>
     <span class='ocr_line' id='line_1_27' title="bbox 236 2614 1234 2690; baseline 0 -16"><span class='ocrx_word' id='word_1_204' title='bbox 236 2632 324 2689; x_wconf 86' lang='lat' dir='ltr'><strong>quum</strong></span> <span class='ocrx_word' id='word_1_205' title='bbox 341 2633 395 2690; x_wconf 92' lang='lat' dir='ltr'><strong>pro</strong></span> <span class='ocrx_word' id='word_1_206' title='bbox 415 2618 524 2676; x_wconf 91' lang='lat' dir='ltr'><strong>saeculi</strong></span> <span class='ocrx_word' id='word_1_207' title='bbox 543 2631 623 2675; x_wconf 90' lang='lat' dir='ltr'><strong>more</strong></span> <span class='ocrx_word' id='word_1_208' title='bbox 642 2633 699 2675; x_wconf 89' lang='lat' dir='ltr'><strong>non</strong></span> <span class='ocrx_word' id='word_1_209' title='bbox 718 2621 877 2675; x_wconf 86' lang='lat' dir='ltr'><strong>memorant</strong></span> <span class='ocrx_word' id='word_1_210' title='bbox 897 2614 967 2688; x_wconf 88' lang='lat' dir='ltr'><strong>quid</strong></span> <span class='ocrx_word' id='word_1_211' title='bbox 986 2616 1143 2675; x_wconf 91' lang='lat' dir='ltr'><strong>tollendum</strong></span> <span class='ocrx_word' id='word_1_212' title='bbox 1163 2615 1234 2688; x_wconf 86' lang='lat' dir='ltr'><strong>quid</strong></span> 
     </span>
     <span class='ocr_line' id='line_1_28' title="bbox 236 2693 1233 2768; baseline 0.001 -18"><span class='ocrx_word' id='word_1_213' title='bbox 236 2693 433 2768; x_wconf 89' lang='lat' dir='ltr'><strong>recipiendum</strong></span> <span class='ocrx_word' id='word_1_214' title='bbox 458 2694 604 2767; x_wconf 86' lang='lat' dir='ltr'><strong>putarint,</strong></span> <span class='ocrx_word' id='word_1_215' title='bbox 629 2709 696 2752; x_wconf 89' lang='lat' dir='ltr'><strong>raro</strong></span> <span class='ocrx_word' id='word_1_216' title='bbox 722 2693 903 2765; x_wconf 89' lang='lat' dir='ltr'><strong>pronuntiari</strong></span> <span class='ocrx_word' id='word_1_217' title='bbox 927 2698 1008 2752; x_wconf 87' lang='lat' dir='ltr'><strong>certo</strong></span> <span class='ocrx_word' id='word_1_218' title='bbox 1032 2697 1131 2766; x_wconf 90' lang='lat' dir='ltr'><strong>potest</strong></span> <span class='ocrx_word' id='word_1_219' title='bbox 1159 2708 1233 2765; x_wconf 89' lang='lat' dir='ltr'><strong>qnae</strong></span> 
     </span>
     <span class='ocr_line' id='line_1_29' title="bbox 235 2769 1234 2843; baseline 0 -16"><span class='ocrx_word' id='word_1_220' title='bbox 235 2771 276 2829; x_wconf 93' lang='lat' dir='ltr'><strong>ibi</strong></span> <span class='ocrx_word' id='word_1_221' title='bbox 298 2770 437 2829; x_wconf 88' lang='lat' dir='ltr'><strong>lectiones</strong></span> <span class='ocrx_word' id='word_1_222' title='bbox 458 2771 685 2843; x_wconf 84' lang='lat' dir='ltr'><strong>comparuerint3</strong></span> <span class='ocrx_word' id='word_1_223' title='bbox 703 2769 910 2829; x_wconf 90' lang='lat' dir='ltr'><strong>tamtummodo</strong></span> <span class='ocrx_word' id='word_1_224' title='bbox 930 2769 1104 2840; x_wconf 86' lang='lat' dir='ltr'><strong>conjecturis</strong></span> <span class='ocrx_word' id='word_1_225' title='bbox 1118 2769 1234 2842; x_wconf 84' lang='lat' dir='ltr'><strong>assequi</strong></span> 
     </span>
     <span class='ocr_line' id='line_1_30' title="bbox 236 2845 1234 2920; baseline 0.003 -16"><span class='ocrx_word' id='word_1_226' title='bbox 236 2847 306 2906; x_wconf 89' lang='lat' dir='ltr'><strong>licet</strong></span> <span class='ocrx_word' id='word_1_227' title='bbox 327 2863 419 2918; x_wconf 85' lang='lat' dir='ltr'><strong>neque</strong></span> <span class='ocrx_word' id='word_1_228' title='bbox 440 2847 570 2905; x_wconf 92' lang='lat' dir='ltr'><strong>omnibus</strong></span> <span class='ocrx_word' id='word_1_229' title='bbox 590 2848 620 2904; x_wconf 92' lang='lat' dir='ltr'><strong>in</strong></span> <span class='ocrx_word' id='word_1_230' title='bbox 639 2847 718 2907; x_wconf 88' lang='lat' dir='ltr'><strong>locis.</strong></span> <span class='ocrx_word' id='word_1_231' title='bbox 753 2845 867 2906; x_wconf 87' lang='lat' dir='ltr'><strong>Certius</strong></span> <span class='ocrx_word' id='word_1_232' title='bbox 887 2846 1008 2906; x_wconf 83' lang='lat' dir='ltr'><strong>dixerim</strong></span> <span class='ocrx_word' id='word_1_233' title='bbox 1020 2845 1152 2920; x_wconf 92' lang='lat' dir='ltr'><strong>pluribus</strong></span> <span class='ocrx_word' id='word_1_234' title='bbox 1164 2847 1234 2907; x_wconf 84' lang='lat' dir='ltr'><strong>ista-</strong></span> 
     </span>
     <span class='ocr_line' id='line_1_31' title="bbox 236 2919 1234 2983; baseline 0.001 -2"><span class='ocrx_word' id='word_1_235' title='bbox 236 2940 302 2981; x_wconf 89' lang='lat' dir='ltr'><strong>rum</strong></span> <span class='ocrx_word' id='word_1_236' title='bbox 323 2923 466 2982; x_wconf 90' lang='lat' dir='ltr'><strong>editorum</strong></span> <span class='ocrx_word' id='word_1_237' title='bbox 492 2923 600 2982; x_wconf 86' lang='lat' dir='ltr'><strong>saeculi</strong></span> <span class='ocrx_word' id='word_1_238' title='bbox 621 2930 665 2982; x_wconf 83' lang='lat'><strong>15.</strong></span> <span class='ocrx_word' id='word_1_239' title='bbox 687 2928 782 2982; x_wconf 86' lang='grc'><strong>1116.</strong></span> <span class='ocrx_word' id='word_1_240' title='bbox 808 2921 922 2982; x_wconf 89' lang='lat' dir='ltr'><strong>codices</strong></span> <span class='ocrx_word' id='word_1_241' title='bbox 941 2922 980 2982; x_wconf 89' lang='lat' dir='ltr'><strong>ad</strong></span> <span class='ocrx_word' id='word_1_242' title='bbox 1003 2939 1119 2982; x_wconf 85' lang='lat' dir='ltr'><strong>manum</strong></span> <span class='ocrx_word' id='word_1_243' title='bbox 1144 2919 1234 2983; x_wconf 87' lang='lat' dir='ltr'><strong>fuisse</strong></span> 
     </span>
     <span class='ocr_line' id='line_1_32' title="bbox 238 2998 1234 3074; baseline 0.002 -16"><span class='ocrx_word' id='word_1_244' title='bbox 238 3016 324 3072; x_wconf 88' lang='lat' dir='ltr'><strong>quam</strong></span> <span class='ocrx_word' id='word_1_245' title='bbox 344 3000 496 3059; x_wconf 85' lang='lat' dir='ltr'><strong>Emestius</strong></span> <span class='ocrx_word' id='word_1_246' title='bbox 516 3000 646 3074; x_wconf 86' lang='lat' dir='ltr'><strong>putabat.</strong></span> <span class='ocrx_word' id='word_1_247' title='bbox 685 2998 720 3058; x_wconf 89' lang='lat' dir='ltr'><strong>Id</strong></span> <span class='ocrx_word' id='word_1_248' title='bbox 738 2999 869 3058; x_wconf 88' lang='lat' dir='ltr'><strong>intellexi</strong></span> <span class='ocrx_word' id='word_1_249' title='bbox 889 3016 925 3059; x_wconf 88' lang='lat' dir='ltr'><strong>ex</strong></span> <span class='ocrx_word' id='word_1_250' title='bbox 944 3015 1043 3059; x_wconf 91' lang='lat' dir='ltr'><strong>eorum</strong></span> <span class='ocrx_word' id='word_1_251' title='bbox 1061 2999 1234 3060; x_wconf 89' lang='lat' dir='ltr'><strong>lectionibus</strong></span> 
     </span>
     <span class='ocr_line' id='line_1_33' title="bbox 239 3075 1233 3150; baseline 0.002 -18"><span class='ocrx_word' id='word_1_252' title='bbox 239 3092 298 3135; x_wconf 90' lang='lat' dir='ltr'><strong>non</strong></span> <span class='ocrx_word' id='word_1_253' title='bbox 321 3077 421 3150; x_wconf 86' lang='lat' dir='ltr'><strong>paucis</strong></span> <span class='ocrx_word' id='word_1_254' title='bbox 447 3093 518 3149; x_wconf 90' lang='lat' dir='ltr'><strong>quas</strong></span> <span class='ocrx_word' id='word_1_255' title='bbox 543 3093 598 3135; x_wconf 89' lang='lat' dir='ltr'><strong>nec</strong></span> <span class='ocrx_word' id='word_1_256' title='bbox 618 3093 653 3135; x_wconf 90' lang='lat' dir='ltr'><strong>ex</strong></span> <span class='ocrx_word' id='word_1_257' title='bbox 671 3076 826 3136; x_wconf 85' lang='lat' dir='ltr'><strong>Eustathio</strong></span> <span class='ocrx_word' id='word_1_258' title='bbox 845 3092 900 3135; x_wconf 90' lang='lat' dir='ltr'><strong>neo</strong></span> <span class='ocrx_word' id='word_1_259' title='bbox 919 3075 1034 3135; x_wconf 84' lang='lat' dir='ltr'><strong>aliunde</strong></span> <span class='ocrx_word' id='word_1_260' title='bbox 1053 3077 1162 3137; x_wconf 89' lang='lat' dir='ltr'><strong>habere</strong></span> <span class='ocrx_word' id='word_1_261' title='bbox 1181 3094 1233 3150; x_wconf 93' lang='lat' dir='ltr'><strong>po-</strong></span> 
     </span>
     <span class='ocr_line' id='line_1_34' title="bbox 238 3152 1233 3227; baseline 0.004 -18"><span class='ocrx_word' id='word_1_262' title='bbox 238 3153 377 3226; x_wconf 89' lang='lat' dir='ltr'><strong>tuissent,</strong></span> <span class='ocrx_word' id='word_1_263' title='bbox 401 3152 503 3212; x_wconf 90' lang='lat' dir='ltr'><strong>sedin</strong></span> <span class='ocrx_word' id='word_1_264' title='bbox 521 3153 566 3212; x_wconf 89' lang='lat' dir='ltr'><strong>his</strong></span> <span class='ocrx_word' id='word_1_265' title='bbox 587 3152 702 3227; x_wconf 78' lang='lat' dir='ltr'><strong>digredi</strong></span> <span class='ocrx_word' id='word_1_266' title='bbox 719 3153 792 3213; x_wconf 92' lang='lat' dir='ltr'><strong>nibil</strong></span> <span class='ocrx_word' id='word_1_267' title='bbox 812 3153 924 3212; x_wconf 88' lang='lat' dir='ltr'><strong>attinet.</strong></span> <span class='ocrx_word' id='word_1_268' title='bbox 973 3153 1112 3213; x_wconf 82' lang='lat' dir='ltr'><strong>Excussis</strong></span> <span class='ocrx_word' id='word_1_269' title='bbox 1131 3154 1233 3213; x_wconf 90' lang='lat' dir='ltr'><strong>horum</strong></span> 
     </span>
     <span class='ocr_line' id='line_1_35' title="bbox 238 3227 1233 3304; baseline -0.001 -15"><span class='ocrx_word' id='word_1_270' title='bbox 238 3227 375 3289; x_wconf 79' lang='lat' dir='ltr'><strong>Codicum</strong></span> <span class='ocrx_word' id='word_1_271' title='bbox 394 3230 564 3290; x_wconf 89' lang='lat' dir='ltr'><strong>lectionibus</strong></span> <span class='ocrx_word' id='word_1_272' title='bbox 593 3235 624 3289; x_wconf 89' lang='lat' dir='ltr'><strong>et</strong></span> <span class='ocrx_word' id='word_1_273' title='bbox 643 3229 681 3289; x_wconf 88' lang='lat' dir='ltr'><strong>ad</strong></span> <span class='ocrx_word' id='word_1_274' title='bbox 700 3247 768 3290; x_wconf 89' lang='lat' dir='ltr'><strong>suas</strong></span> <span class='ocrx_word' id='word_1_275' title='bbox 787 3231 895 3290; x_wconf 84' lang='lat' dir='ltr'><strong>classes</strong></span> <span class='ocrx_word' id='word_1_276' title='bbox 914 3227 1053 3304; x_wconf 87' lang='lat' dir='ltr'><strong>redactis,</strong></span> <span class='ocrx_word' id='word_1_277' title='bbox 1086 3229 1172 3290; x_wconf 85' lang='lat' dir='ltr'><strong>facile</strong></span> <span class='ocrx_word' id='word_1_278' title='bbox 1191 3231 1233 3288; x_wconf 92' lang='lat' dir='ltr'><strong>in·</strong></span> 
     </span>
     <span class='ocr_line' id='line_1_36' title="bbox 239 3306 1234 3382; baseline 0.002 -18"><span class='ocrx_word' id='word_1_279' title='bbox 239 3307 348 3380; x_wconf 86' lang='lat' dir='ltr'><strong>tellexi,</strong></span> <span class='ocrx_word' id='word_1_280' title='bbox 368 3308 476 3366; x_wconf 90' lang='lat' dir='ltr'><strong>nullum</strong></span> <span class='ocrx_word' id='word_1_281' title='bbox 496 3321 649 3380; x_wconf 89' lang='lat' dir='ltr'><strong>superesse</strong></span> <span class='ocrx_word' id='word_1_282' title='bbox 669 3306 718 3379; x_wconf 91' lang='lat' dir='ltr'><strong>qui</strong></span> <span class='ocrx_word' id='word_1_283' title='bbox 737 3307 819 3369; x_wconf 90' lang='lat' dir='ltr'><strong>uobis</strong></span> <span class='ocrx_word' id='word_1_284' title='bbox 839 3307 945 3365; x_wconf 89' lang='lat' dir='ltr'><strong>veteris</strong></span> <span class='ocrx_word' id='word_1_285' title='bbox 958 3306 1118 3382; x_wconf 72' lang='lat' dir='ltr'><strong>cnjuspiam</strong></span> <span class='ocrx_word' id='word_1_286' title='bbox 1133 3307 1234 3366; x_wconf 85' lang='lat' dir='ltr'><strong>Gram-</strong></span> 
     </span>
    </p>
   </div>
   <div class='ocr_carea' id='block_1_5' title="bbox 237 3499 1233 3843">
    <p class='ocr_par' dir='ltr' id='par_1_9' title="bbox 237 3499 1233 3843">
     <span class='ocr_line' id='line_1_37' title="bbox 307 3499 1233 3571; baseline -0.002 -16"><span class='ocrx_word' id='word_1_287' title='bbox 307 3500 458 3571; x_wconf 72' lang='grc'><strong>1)1111111.</strong></span> <span class='ocrx_word' id='word_1_288' title='bbox 561 3501 583 3570; x_wconf 75' lang='grc' dir='ltr'><strong>Β)</strong></span> <span class='ocrx_word' id='word_1_289' title='bbox 595 3515 736 3555; x_wconf 87' lang='lat' dir='ltr'><strong>concessus</strong></span> <span class='ocrx_word' id='word_1_290' title='bbox 754 3506 803 3554; x_wconf 90' lang='lat' dir='ltr'><strong>est.</strong></span> <span class='ocrx_word' id='word_1_291' title='bbox 904 3502 928 3568; x_wconf 79' lang='lat'><strong>⁹)</strong></span> <span class='ocrx_word' id='word_1_292' title='bbox 946 3500 1160 3555; x_wconf 89' lang='lat' dir='ltr'><strong>Commentarins</strong></span> <span class='ocrx_word' id='word_1_293' title='bbox 1177 3499 1233 3553; x_wconf 82' lang='lat' dir='ltr'><strong>Eu·</strong></span> 
     </span>
     <span class='ocr_line' id='line_1_38' title="bbox 238 3566 1232 3624; baseline -0.001 -1"><span class='ocrx_word' id='word_1_294' title='bbox 238 3568 332 3623; x_wconf 85' lang='lat' dir='ltr'><strong>statbii</strong></span> <span class='ocrx_word' id='word_1_295' title='bbox 348 3568 438 3623; x_wconf 86' lang='lat' dir='ltr'><strong>multis</strong></span> <span class='ocrx_word' id='word_1_296' title='bbox 455 3567 521 3622; x_wconf 89' lang='lat' dir='ltr'><strong>locis</strong></span> <span class='ocrx_word' id='word_1_297' title='bbox 539 3567 695 3623; x_wconf 87' lang='lat' dir='ltr'><strong>emendatus</strong></span> <span class='ocrx_word' id='word_1_298' title='bbox 707 3568 802 3623; x_wconf 88' lang='lat' dir='ltr'><strong>editus.</strong></span> <span class='ocrx_word' id='word_1_299' title='bbox 820 3568 902 3623; x_wconf 90' lang='lat' dir='ltr'><strong>Basil.</strong></span> <span class='ocrx_word' id='word_1_300' title='bbox 916 3571 989 3624; x_wconf 81' lang='lat'>1560.</span> <span class='ocrx_word' id='word_1_301' title='bbox 1019 3569 1143 3623; x_wconf 88' lang='lat' dir='ltr'><strong>Codiccm</strong></span> <span class='ocrx_word' id='word_1_302' title='bbox 1154 3566 1232 3622; x_wconf 86' lang='lat' dir='ltr'><strong>Eust.</strong></span> 
     </span>
     <span class='ocr_line' id='line_1_39' title="bbox 237 3635 1232 3704; baseline 0 -14"><span class='ocrx_word' id='word_1_303' title='bbox 237 3637 389 3692; x_wconf 89' lang='lat' dir='ltr'><strong>manualem</strong></span> <span class='ocrx_word' id='word_1_304' title='bbox 406 3652 489 3704; x_wconf 81' lang='lat' dir='ltr'><strong>parvo</strong></span> <span class='ocrx_word' id='word_1_305' title='bbox 507 3636 614 3704; x_wconf 77' lang='lat' dir='ltr'><strong>negotio</strong></span> <span class='ocrx_word' id='word_1_306' title='bbox 626 3635 769 3690; x_wconf 87' lang='lat' dir='ltr'><strong>restituere</strong></span> <span class='ocrx_word' id='word_1_307' title='bbox 786 3636 881 3692; x_wconf 89' lang='lat' dir='ltr'><strong>liceret</strong></span> <span class='ocrx_word' id='word_1_308' title='bbox 898 3643 926 3692; x_wconf 90' lang='lat' dir='ltr'><strong>et</strong></span> <span class='ocrx_word' id='word_1_309' title='bbox 936 3638 960 3692; x_wconf 88' lang='lat' dir='ltr'><strong>is</strong></span> <span class='ocrx_word' id='word_1_310' title='bbox 970 3642 1061 3690; x_wconf 86' lang='lat' dir='ltr'><strong>textus</strong></span> <span class='ocrx_word' id='word_1_311' title='bbox 1072 3635 1168 3689; x_wconf 88' lang='lat' dir='ltr'><strong>melior</strong></span> <span class='ocrx_word' id='word_1_312' title='bbox 1185 3636 1232 3690; x_wconf 91' lang='lat' dir='ltr'><strong>ali-</strong></span> 
     </span>
     <span class='ocr_line' id='line_1_40' title="bbox 238 3702 1232 3774; baseline 0.001 -16"><span class='ocrx_word' id='word_1_313' title='bbox 238 3710 340 3774; x_wconf 81' lang='lat' dir='ltr'><strong>quanto</strong></span> <span class='ocrx_word' id='word_1_314' title='bbox 357 3710 428 3759; x_wconf 88' lang='lat' dir='ltr'><strong>esset</strong></span> <span class='ocrx_word' id='word_1_315' title='bbox 444 3703 568 3772; x_wconf 79' lang='lat' dir='ltr'><strong>vulgato;</strong></span> <span class='ocrx_word' id='word_1_316' title='bbox 585 3705 706 3773; x_wconf 88' lang='lat' dir='ltr'><strong>proxime</strong></span> <span class='ocrx_word' id='word_1_317' title='bbox 723 3704 759 3760; x_wconf 83' lang='lat' dir='ltr'><strong>ad</strong></span> <span class='ocrx_word' id='word_1_318' title='bbox 774 3705 847 3761; x_wconf 89' lang='lat' dir='ltr'><strong>illins</strong></span> <span class='ocrx_word' id='word_1_319' title='bbox 862 3704 942 3759; x_wconf 84' lang='lat' dir='ltr'><strong>fidem</strong></span> <span class='ocrx_word' id='word_1_320' title='bbox 959 3703 1064 3759; x_wconf 84' lang='grc'><strong>1111111</strong></span> <span class='ocrx_word' id='word_1_321' title='bbox 1082 3703 1163 3759; x_wconf 90' lang='lat' dir='ltr'><strong>editio</strong></span> <span class='ocrx_word' id='word_1_322' title='bbox 1175 3702 1232 3759; x_wconf 85' lang='lat' dir='ltr'><strong>Ro-</strong></span> 
     </span>
     <span class='ocr_line' id='line_1_41' title="bbox 238 3770 1232 3843; baseline 0.001 -16"><span class='ocrx_word' id='word_1_323' title='bbox 238 3788 319 3827; x_wconf 88' lang='lat' dir='ltr'><strong>msna</strong></span> <span class='ocrx_word' id='word_1_324' title='bbox 335 3771 469 3843; x_wconf 69' lang='lat' dir='ltr'><strong>Majorsni</strong></span> <span class='ocrx_word' id='word_1_325' title='bbox 487 3770 538 3826; x_wconf 89' lang='lat' dir='ltr'><strong>etsi</strong></span> <span class='ocrx_word' id='word_1_326' title='bbox 553 3787 608 3827; x_wconf 91' lang='lat' dir='ltr'><strong>non</strong></span> <span class='ocrx_word' id='word_1_327' title='bbox 625 3777 779 3828; x_wconf 85' lang='lat' dir='ltr'><strong>constanter</strong></span> <span class='ocrx_word' id='word_1_328' title='bbox 794 3774 823 3828; x_wconf 91' lang='lat' dir='ltr'><strong>in</strong></span> <span class='ocrx_word' id='word_1_329' title='bbox 839 3771 917 3829; x_wconf 81' lang='lat' dir='ltr'><strong>Euat.</strong></span> <span class='ocrx_word' id='word_1_330' title='bbox 934 3771 1100 3829; x_wconf 85' lang='lat' dir='ltr'><strong>emendando</strong></span> <span class='ocrx_word' id='word_1_331' title='bbox 1117 3778 1232 3828; x_wconf 84' lang='lat' dir='ltr'><strong>versata</strong></span> 
     </span>
    </p>
   </div>
   <div class='ocr_carea' id='block_1_6' title="bbox 0 0 1526 4434">
    <p class='ocr_par' dir='ltr' id='par_1_10' title="bbox 0 0 1526 4434">
     <span class='ocr_line' id='line_1_42' title="bbox 0 0 1526 4434; baseline 0 0"><span class='ocrx_word' id='word_1_332' title='bbox 0 0 1526 4434; x_wconf 95' lang='lat' dir='ltr'><strong> </strong></span> 
     </span>
    </p>
   </div>
  </div>
 </body>
</html>
