3034 4434
627 549 808 604 ..99-

221 706 269 758 tae
289 699 454 773 sapientiae
475 697 591 757 trahere
611 702 778 771 coeperrmt.
810 696 875 757 Hoc
894 698 924 756 in
944 712 1051 770 genere
1070 699 1127 756 iam
1140 699 1218 759 circa

223 776 335 850 Olymp.
348 774 468 847 LXHL,
488 776 518 832 in
532 790 589 847 qua
602 774 774 834 Pisistratus
788 773 922 848 decessit,
944 774 1114 835 elaborabat
1125 776 1218 836 Thea·

223 869 310 925 genes
330 852 494 925 Rhegium,
513 867 580 911 mox
598 851 787 924 Anaxagoras
808 850 1014 925 Clazomenius,
1033 851 1217 913 Metrodorus

223 930 452 1003 Lampsacenus,
474 927 679 988 Stesimbrotus
699 927 822 987 Thasius
843 929 949 1001 aliique
962 928 1218 1002 andeinsdemvt.

220 1006 311 1065 Pauci
325 1012 428 1065 contra
442 1005 501 1078 alii,
522 1011 555 1063 ut
568 1004 758 1079 Pythagoras,
778 1005 981 1079 Xenophanes,
1000 1006 1165 1066 Heraclitus
1172 1005 1219 1081 ²⁴),

218 1099 275 1142 non
300 1082 479 1142 verebantur
506 1082 664 1141 Homerum
687 1082 845 1155 impietatis
870 1098 1007 1143 accusare
1031 1088 1153 1157 propter
1175 1089 1220 1144 tot

217 1159 285 1218 ficta
305 1175 359 1219 seu
378 1158 580 1232 pulcherrimis
600 1157 730 1217 versibus
751 1164 855 1219 ornata
874 1159 1032 1219 mendacia.
1066 1161 1099 1218 ln
1119 1177 1176 1233 quo
1188 1161 1220 1220 hi

217 1237 336 1310 quidem
355 1237 535 1309 posteriores
555 1250 690 1308 magnum
710 1235 848 1307 quiddam
867 1235 1002 1295 videntur
1025 1236 1095 1295 mihi
1114 1235 1219 1297 fecisse

218 1321 248 1372 et
266 1313 490 1372 liberalissimae
513 1313 607 1385 gentis
626 1313 723 1371 indole
738 1312 865 1385 dignum,
886 1312 962 1385 quod
976 1314 1131 1373 sanctitate
1144 1315 1220 1374 vatis
1233 1327 1271 1369 ms

218 1390 255 1449 ab
276 1390 409 1449 omnibus
430 1393 460 1448 et
480 1389 688 1462 quodammodo
710 1405 779 1448 ase
799 1390 870 1463 ipsis
890 1390 1002 1448 credita
1014 1406 1071 1449 non
1084 1396 1152 1449 sunt
1170 1391 1221 1451 da-

216 1468 323 1540 territi,
344 1483 382 1525 ne
403 1466 501 1540 palam
521 1466 779 1540 reprehenderent,
800 1482 874 1539 quae
894 1467 924 1523 in
945 1483 979 1527 eo
1000 1468 1156 1527 abhorrere
1168 1485 1222 1543 pu·

217 1549 317 1603 tarent
342 1560 361 1602 a
390 1559 459 1602 vera
483 1544 628 1617 sapientia
658 1548 688 1602 et
712 1543 749 1603 ab
775 1544 894 1617 optimis
913 1542 1049 1603 moribus.
1090 1544 1148 1604 Sed
1167 1559 1222 1604 uec

218 1619 365 1696 prioribus
385 1621 453 1693 illis,
472 1621 533 1680 sive
555 1621 713 1693 allegorica
733 1625 763 1678 et
782 1621 943 1693 anagogica
962 1621 1073 1680 somnia
1091 1637 1146 1680 sua
1164 1621 1221 1696 ipsi

219 1697 417 1769 crediderunt,
437 1697 498 1755 sive
519 1697 556 1755 ab
577 1698 642 1756 aliis
664 1697 806 1756 duntaxat
829 1697 911 1756 credi
935 1699 1096 1769 voluerunt,
1115 1698 1222 1758 idonea

219 1775 304 1833 deest
332 1774 488 1844 excusatio.
528 1774 574 1833 Ita
600 1774 676 1832 enim
700 1774 776 1832 ratio
801 1780 969 1848 comparata
990 1779 1048 1846 est,
1073 1780 1107 1832 ut
1129 1775 1221 1848 libris,

221 1868 291 1925 quos
307 1867 325 1910 a
338 1851 448 1910 teneris
461 1852 561 1910 statim
574 1850 656 1909 annis
670 1851 877 1924 cognoscimus,
891 1867 989 1910 omnes
1002 1867 1094 1925 prope
1107 1856 1221 1911 nocuas

219 1933 394 2000 nostraeque
415 1929 524 1987 aetatis
545 1928 696 2000 opiniones
717 1927 919 2001 subiiciamus3
939 1944 974 1986 ac
993 1930 1017 1987 si
1030 1929 1074 1985 illi
1087 1929 1222 2003 populari

219 2022 274 2063 usu
294 2006 353 2063 iam
373 2003 486 2077 pridem
508 2005 670 2064 consecrati
690 2009 767 2076 sunt,
787 2005 852 2078 ipsa
870 2003 969 2064 obstat
987 2005 1144 2079 veneratio,
1164 2022 1221 2078 quo

219 2083 313 2140 minus
333 2082 364 2138 111
383 2081 419 2138 iis
441 2081 569 2140 absurda
589 2086 620 2139 et
637 2081 762 2140 ridicula
781 2081 877 2140 inesse
890 2081 1051 2141 credamus.
1084 2082 1222 2143 Lenimus

221 2175 291 2231 ergo
312 2164 401 2230 atque
420 2157 494 2218 adeo
521 2173 655 2217 ornamus
675 2158 908 2232 interpretando,
938 2159 1078 2230 quidquid
1104 2160 1221 2235 proprio

220 2251 308 2293 sensu
328 2251 386 2294 non
406 2232 558 2293 ferendum
577 2234 707 2306 videtur;
726 2234 815 2307 idque
835 2251 891 2308 quo
912 2234 1025 2295 doctius
1046 2241 1077 2295 et
1089 2237 1221 2296 subtilius

220 2310 358 2384 facimus,
384 2327 419 2370 eo
445 2311 611 2384 religiosius
633 2310 730 2370 facere
756 2311 895 2371 videmur.
936 2312 1032 2384 Atque
1052 2314 1095 2371 ita
1114 2313 1223 2372 factum

221 2394 266 2448 est
292 2389 370 2448 omui
393 2394 525 2461 tempore
550 2387 682 2447 inlibris
703 2388 752 2461 iis,
777 2389 827 2460 qui
852 2405 905 2463 pro
925 2389 1016 2448 sacris
1035 2389 1128 2449 hahiti
1147 2394 1222 2462 sunt,

223 2464 306 2538 Quod
332 2465 358 2523 si
381 2463 414 2524 fit
439 2481 473 2525 eo
500 2465 634 2534 consilio,
666 2469 698 2523 ut
729 2465 885 2537 cognitioni
911 2476 1010 2526 eorum
1033 2483 1087 2524 sna
1110 2467 1222 2525 utilitas
1288 2478 1292 2483 ’

222 2547 337 2601 constet
356 2542 387 2600 in
407 2543 518 2616 vulgus
538 2542 609 2608 nihil
629 2542 659 2599 in
679 2558 714 2601 eo
733 2543 818 2602 video
836 2542 1116 2616 reprehendendum.
1147 2542 1223 2602 Nam

222 2618 260 2678 ad
289 2634 388 2678 veram
414 2619 433 2676 i.
454 2636 479 2679 e.
507 2619 674 2679 historicam
694 2619 962 2692 interpretationem
982 2620 1082 2694 paucis
1103 2620 1133 2678 in
1152 2620 1223 2679 locis

292 2796 329 2866 ²³)
348 2797 425 2851 Plato
449 2796 515 2850 lone
539 2795 556 2849 l.
575 2811 598 2850 c.
624 2794 747 2864 Xenoph.
773 2796 863 2918 squp'
881 2796 923 2849 ΠΙ
949 2801 966 2852 3
991 2799 1016 2851 6.
1035 2796 1114 2866 Diog.
1131 2797 1224 2853 Laert.

844 2836 952 2934 .Bayie
967 2837 1039 2920 hiet.
1057 2883 1082 2920 v.
1101 2867 1224 2936 Anaxag.

224 2940 252 2989 et
267 2933 424 2988 Monboddo
439 2932 555 2986 Ancient
571 2932 756 3001 Metaphysics
774 2930 832 2987 Vol
850 2932 900 2986 111.
917 2949 943 3001 p.
964 2936 1021 2988 108.
1047 2933 1091 2988 Ex
1109 2939 1225 3003 quatuor

223 3003 276 3057 ilus
294 3002 454 3071 Theagenes
477 3000 518 3054 bis
544 2998 671 3055 laudatur
692 3000 721 3054 in
744 3000 870 3070 Scholiis,
893 3001 958 3055 item
980 3000 1022 3055 bis
1038 3002 1224 3071 magam

224 3069 309 3126 semel
326 3070 500 3124 Metrodorus
518 3067 553 3123 ad
569 3087 592 3122 κ.
611 3072 670 3124 252.
708 3107 715 3124 .
733 3072 801 3136 251,
819 3069 1010 3124 Stesimhrotus
1027 3075 1070 3125 ter
1086 3071 1183 3127 11635.
1200 3090 1223 3127 o.

225 3144 283 3197 193.
303 3157 331 3207 φ.
350 3139 392 3217 76.
410 3138 451 3192 bis
469 3137 498 3190 in
515 3136 604 3192 Schol.
621 3083 758 3257 Apoffonii
775 3138 826 3192 Rln
845 3143 873 3191 et
884 3138 918 3218 ,111
933 3137 1051 3208 Etymol.
1069 3139 1108 3193 M.
1126 3141 1223 3208 11277,

223 3211 284 3264 465.
321 3206 439 3261 Additur
456 3221 473 3259 a
491 3205 603 3260 Platone
627 3204 743 3273 (leuco,
768 3205 860 3261 forsan
883 3205 928 3261 1111
946 3206 1028 3261 Teius
1051 3222 1093 3275 ap.
1111 3207 1223 3276 Aristot.

225 3276 307 3332 Rhet.
326 3275 377 3344 III,
398 3278 429 3343 1.,
452 3274 499 3342 qui
517 3272 550 3328 dc
568 3272 673 3341 tragica
699 3289 747 3328 seu
770 3275 932 3343 rhapsodica
948 3275 1054 3330 actione
1072 3276 1224 3398 scripserat.

226 3343 287 3399 Nisi
305 3343 396 3413 potins
432 3341 546 3396 iacuerit
563 3341 581 3396 S
601 3340 736 3396 denhamii
752 3357 820 3397 corr.
834 3341 952 3403 Γλαῦκος
986 3349 1079 3412 repter
1090 3343 1124 3399 Sc
1143 3343 1177 3399 ol
1189 3343 1225 3399 ad

223 2867 259 2935 ll,
280 2870 320 2921 11.
340 2865 445 2920 Tatian.
463 2863 523 2918 adv.
542 2863 636 2918 Graec.
655 2865 695 2919 37.
714 2868 756 2919 48.
774 2864 831 2920 Con

224 3412 247 3466 1.
261 3416 330 3480 635,
348 3410 395 3491 ubi
413 3358 531 3466 glaucus
548 3357 719 3478 sugiungitur
735 3411 918 3468 Stesimbroto.
981 3413 987 3425 '
1007 3428 1039 3466 us
1058 3411 1224 3467 etiamnori·

224 3496 284 3536 mus
301 3477 532 3535 Anaximandrum
542 3477 737 3546 Xenophontis.
766 3479 836 3535 Nam
847 3480 936 3534 clarus
948 3479 1094 3549 discipulus
1102 3480 1224 3535 Thaletis

225 3563 260 3603 ex
278 3549 384 3604 ratione
402 3553 554 3615 temporum
571 3561 625 3601 non
642 3548 731 3615 potuit
749 3563 808 3602 esse
826 3547 948 3604 Nicerati
966 3549 1106 3616 magister:
1127 3562 1223 3616 coguo-

222 3615 393 3754 ssrigrirtilslrlilius
410 3615 482 3670 illius
498 3613 589 3683 potuit
606 3629 678 3684 esse3
696 3621 725 3670 at
741 3630 776 3671 ne
788 3615 821 3671 de
833 3617 884 3672 hoc
893 3615 1001 3686 quidem
1012 3616 1067 3669 tale
1079 3614 1224 3684 quidquam

293 3769 329 3837 24)
346 3768 424 3837 Diog.
442 3769 535 3824 Laert.
551 3767 628 3838 vlu,
646 3771 690 3826 21.
707 3768 755 3838 ΙΧ,
775 3773 797 3824 1.
818 3774 858 3825 18.
875 3770 966 3840 ibique
983 3770 1074 3840 lntpp.

1056 3864 1072 3893 ἱ

1043 3866 1056 3905 1
1172 3860 1176 3871 .
