3034 4434
557 550 791 606 «158—

277 696 319 757 At
338 698 453 757 brevius
475 698 561 757 etiam
583 697 722 756 dicendus
741 700 823 759 nobis
843 701 1028 760 Aristarchus
1047 700 1199 774 interpres.
1213 714 1252 755 asa

207 773 249 833 De
269 791 325 846 quo
346 782 442 834 tamen
463 781 496 833 ut
513 774 584 832 nibil
603 775 735 848 sciamus,
755 778 811 835 uisi
825 778 901 850 quod
915 778 1100 851 allegoricam
1111 779 1201 837 ratio
1214 792 1253 832 us

206 867 269 910 nem
289 851 501 925 interpretandi
521 851 702 924 improbavit,
723 858 754 912 et
768 853 928 914 doctrinam
941 855 1061 915 Homeri
1074 855 1201 927 sagnu-

207 929 302 987 cribus
322 927 426 988 finibus
447 929 570 1001 inclusit,
597 928 634 987 de
655 929 745 1002 ipsius
766 931 862 991 sobrio
882 932 989 992 iudicio
1009 931 1083 990 bene
1105 933 1202 990 existi·

204 1005 338 1064 nandum
358 1004 448 1077 61134).
478 1006 575 1076 Atque
595 1007 709 1064 omnino
727 1007 783 1065 hac
803 1008 912 1080 ingenii
931 1010 960 1067 vi
980 1025 1046 1067 eum
1066 1009 1201 1082 valuisse,

203 1081 327 1154 indeque
347 1084 444 1153 etiam,
464 1088 497 1140 ut
515 1080 557 1150 fit,
578 1083 720 1153 quaedam
740 1085 812 1142 vitia
832 1085 894 1142 eius
914 1086 1084 1158 manaurae,
1104 1086 1253 1147 multisne

203 1160 381 1232 argumentis
410 1160 590 1232 intelligitur.
630 1161 705 1218 Nam
730 1166 759 1220 et
786 1163 1002 1234 grammaticam
1022 1162 1202 1235 diligentiam
1253 1193 1255 1196 ·

203 1237 337 1304 ieiunius,
357 1252 443 1308 quam
456 1252 575 1295 necesse
590 1240 661 1309 erat,
683 1238 834 1309 quaesivit,
856 1245 886 1296 et
899 1238 1070 1298 audaciores
1082 1255 1202 1310 genero-

204 1314 352 1384 sioresque
368 1314 526 1371 sententias
545 1319 649 1386 poetae
669 1316 798 1388 corrupit
816 1331 873 1375 nou
895 1332 974 1383 raro,
993 1331 1050 1387 quo
1072 1332 1123 1374 eas
1136 1333 1201 1389 pro·

204 1390 268 1463 pius
288 1389 328 1448 ad
341 1397 475 1448 naturam
490 1395 520 1448 et
533 1391 686 1450 veritatem
698 1391 861 1450 reduceret.
881 1391 994 1451 Paucas
1008 1390 1124 1463 quidem
1139 1394 1201 1451 eius

206 1466 421 1526 emendationes
437 1473 466 1526 et
480 1468 660 1527 coniecturas
673 1469 703 1525 in
715 1469 843 1528 Homero
858 1474 888 1527 et
900 1469 1027 1527 Pindaro
1041 1475 1121 1528 certo
1136 1485 1203 1542 cog·

205 1545 348 1614 novimum
368 1561 422 1602 uec
440 1550 536 1603 tamen
555 1546 584 1602 in
602 1545 657 1603 hoc
676 1562 795 1604 numero
809 1545 914 1603 desunt
927 1545 1084 1618 specimina
1094 1542 1202 1623 ψυχρ6

205 1618 311 1697 λογίας,
330 1622 361 1678 in
382 1621 567 1681 emendatore
587 1626 692 1694 poetae
710 1638 893 1693 nequaquam
906 1619 1095 1693 ferendae⁸⁵t
1128 1622 1203 1693 Quo-
1315 1655 1317 1659 ·

158 1770 163 1791 ·
204 1773 259 1821 ται,
285 1755 387 1807 adad&
413 1774 432 1807 π
453 1755 482 1814 ὸς
500 1753 641 1838 πρόςωπόν
660 1754 718 1806 ἐστι
735 1754 780 1806 καὶ
797 1754 841 1807 δεῖ
855 1755 973 1826 γράφειν
990 1756 1060 1824 ἑῆος.
1084 1755 1203 1834 ἠγνόηκε

205 1825 233 1876 cl
251 1826 302 1894 τὴν
322 1821 403 1882 λέξιν.
438 1840 482 1875 στι
492 1839 546 1889 γαρ
558 1823 621 1890 ἑῆος
629 1823 744 1891 ἀγαθοῦ,
764 1823 807 1874 καὶ
819 1825 892 1894 deora}
913 1842 943 1883 ες
954 1824 1034 1876 ἐάων.
1048 1823 1119 1892 (cod.
1132 1821 1202 1877 vict.

206 1893 278 1961 ἑῆος,
303 1891 351 1946 sed
368 1892 440 1945 idem
458 1891 535 1960 1676)]
555 1906 616 1944 cum
634 1891 706 1961 ἑῆος,
729 1890 848 1960 genitivo
903 1891 991 1946 ’ectiri
1010 1887 1070 1959 ἐΰς,
1094 1890 1127 1945 dc
1149 1905 1204 1960 quo

205 1966 295 2015 tamen
318 1975 352 2013 ne
376 1976 448 2013 nuuc
466 1959 574 2027 quidem
593 1959 658 2014 satis
676 1965 766 2014 certus
783 1975 842 2014 sum
860 1960 1022 2029 sententiae,
1044 1959 1205 2028 pracsertim

205 2028 327 2097 inspecto
344 2027 488 2096 Apollonio
506 2027 585 2083 Alex.
604 2045 630 2096 p.
644 2029 708 2083 157.
729 2029 756 2098 [2
774 2044 844 2096 pers.
865 2029 894 2082 A.
915 2032 971 2083 142.
988 2028 1100 2096 Zenodl
1122 2058 1154 2068 -
1172 2027 1205 2082 Ιιι

207 2097 288 2152 tertia
305 2111 375 2164 pers.
394 2096 463 2164 plur.
483 2097 527 2156 ἑός
551 2096 652 2164 legitur
675 2097 757 2150 semel
781 2097 809 2151 in
830 2096 939 2152 Hesiod.
954 2095 1001 2166 ”Ep
1020 2102 1090 2165 .58.‚
1118 2095 1160 2150 bis
1176 2096 1206 2150 in

206 2165 384 2232 Batrachom,
410 2165 518 2231 saepius
538 2181 554 2218 a
575 2207 581 2219 .
599 2165 804 2232 Alexandrinos,
823 2166 904 2220 etiam
924 2181 967 2234 ap.
1006 2181 1057 2220 om.
1080 2165 1161 2286 milo
1173 2164 1205 2218 ll

207 2234 296 2299 tte,
327 2232 375 2287 sed
392 2232 540 2301 equidemi
574 2233 676 2286 mutavi
688 2227 855 2287 constantiae
867 2249 955 2288 causa.
974 2236 1065 2302 Atque
1076 2233 1116 2287 ita
1152 2232 1207 2301 pici

222 2302 313 2356 uidam
322 2300 350 2354 id
361 2317 510 2369 pronomen
521 2301 603 2354 etiam
614 2301 642 2354 in
654 2306 666 2354 l
680 2307 707 2354 et
719 2305 815 2368 2pars.
827 2301 897 2368 plur.
909 2308 1057 2355 traxerunt.
1075 2303 1133 2355 Iam
1145 2317 1206 2355 cum

234 2370 257 2424 's
266 2385 320 2424 vss.
329 2369 360 2423 IL
370 2389 392 2422 κ.
403 2373 462 2425 311.
471 2373 530 2424 333.
541 2375 568 2422 et
577 2368 671 2436 Odyss.
681 2387 706 2422 α.
718 2373 776 2424 117.
785 2373 844 2423 402.
854 2369 953 2423 confer.
963 2369 1086 2438 Apollon.
1096 2369 1147 2423 Ru.
1158 2367 1206 2437 IV,

208 2440 281 2494 1327.
302 2442 385 2505 1353,
404 2444 432 2491 61
449 2443 587 2492 auctorem
606 2436 757 2496 Δολωνείας
779 2437 852 2490 haud
869 2438 939 2490 male
957 2437 1076 2491 locutum
1094 2436 1207 2503 senties3

206 2522 292 2577 neque
315 2505 461 2574 releganda
484 2505 574 2560 omnia
595 2504 704 2573 putabis
726 2506 761 2558 ad
793 2504 971 2559 barbarismos
989 2512 1017 2559 et
1028 2503 1206 2571 soloecismos,

207 2590 275 2644 quac
293 2575 467 2628 Aristarchus
490 2578 691 2642 compunxerat.
726 2572 834 2628 Abusus
856 2588 921 2627 vero
943 2572 1049 2627 analo'
1107 2571 1153 2624 ille
1178 2571 1207 2625 in

208 2642 364 2711 possessivis
381 2636 583 2710 pronominibus
600 2647 676 2695 tanto
694 2641 799 2696 facilior
817 2641 881 2709 brit,
906 2639 928 2694 si
952 2656 984 2695 ea
1066 2639 1207 2694 obscuram

207 2712 342 2768 notionem
369 2715 417 2763 τοῦ
440 2711 507 2763 ἰδίου
530 2709 697 2776 referebant,
726 2711 767 2763 uti
791 2709 964 2764 Grammatici
986 2709 1097 2763 faciunt.
1136 2705 1207 2761 Vide

208 2778 300 2835 Tacta.
320 2778 354 2833 ad
372 2779 482 2834 Hesiod.
495 2773 567 2848 Ἔργ.
583 2782 639 2833 152.
676 2777 785 2833 Canteri
796 2776 863 2832 Nor.
876 2778 965 2832 Lectt.
979 2776 1011 2844 V,
1032 2781 1071 2830 13.
1089 2775 1207 2830 Brumcln

207 2847 240 2902 ad
257 2848 383 2917 Aeschyl.
402 2848 489 2902 Prom.
507 2851 531 2901 9.
549 2847 639 2900 Alteri
657 2846 747 2902 Praei.
766 2844 801 2900 ed
821 2846 914 2915 Odyss.
933 2862 960 2915 p.
977 2850 1020 2900 41.
1038 2860 1096 2913 sqq.

274 2935 310 3000 ³4)
328 2932 388 2986 Hoc
405 2931 540 3000 posterius
568 2946 601 2985 ex
625 2930 712 2986 Strab.
730 2932 751 2984 1.
770 2947 797 3000 p.
815 2934 857 2984 31.
880 2929 1063 2997 similibusque
1088 2926 1208 2998 vestigiis

207 3003 311 3071 colligo.
338 2999 413 3067 Quae
423 3005 513 3054 autem
526 2999 554 3053 iu
566 2999 663 3054 Scholl.
674 2999 709 3054 ad
718 2999 968 3066 interpretationem
977 3004 1108 3066 spectant,
1120 3013 1207 3066 paene

211 3074 300 3132 omnia
316 3069 403 3123 minus
421 3067 515 3138 gravia
526 3075 596 3135 sunt,
606 3069 691 3123 multa
704 3067 771 3122 adeo
783 3067 812 3120 iu
823 3066 946 3120 facilibus
959 3065 1054 3136 glossis
1066 3071 1208 3134 occupata.

211 3138 278 3192 Vide
296 3138 331 3191 ad
353 3139 376 3205 β.
389 3139 447 3192 271.
465 3137 592 3191 061316.
612 3137 684 3204 quod
705 3135 860 3204 saepissime
877 3134 1016 3255 repetitur.
1055 3136 1077 3186 δ.
1089 3139 1149 3189 343.
1162 3132 1208 3201 (cf.

209 3207 332 3276 Apollcn.
350 3205 428 3259 Alex.
446 3205 482 3258 ll.
501 3221 527 3272 p.
549 3207 618 3274 166.)
655 3224 671 3260 ι.
690 3210 731 3259 90.
768 3224 789 3256 κ.
807 3207 866 3258 351.
919 3206 1067 3272 ‚631.sqq.
1101 3221 1130 3267 μ.
1148 3205 1209 3258 258.

209 3293 230 3327 ν.
248 3280 290 3330 82.
309 3278 367 3329 564.
393 3273 416 3331 ξ.
436 3276 494 3328 216.
522 3276 608 3327 7159.
639 3293 663 3327 σ.
682 3276 740 3328 570.
771 3291 794 3326 υ.
813 3277 872 3326 357.
899 3290 927 3340 φ.
947 3276 1005 3326 319.
1024 3275 1083 3326 344.
1101 3273 1130 3336 ψ.
1149 3275 1208 3325 366.
1298 3308 1301 3313 .

211 3346 269 3399 387.
287 3346 346 3398 638.
364 3346 423 3398 826.
441 3343 500 3396 870.
519 3360 549 3395 ω.
566 3345 624 3396 315.
644 3346 702 3397 316.
715 3348 768 3395 616.
803 3340 969 3406 Aesthetica‚
990 3355 1058 3419 quae
1070 3347 1209 3406 vocantis,

210 3411 308 3466 inillis
326 3412 417 3465 insunt
433 3425 580 3478 perpauca,
598 3415 628 3464 ut
646 3410 681 3463 ad
698 3429 725 3462 π.
746 3410 795 3463 170
822 3407 879 3476 (ubi
897 3408 1021 3463 dissentit
1038 3407 1162 3472 aThuc.)
1181 3411 1210 3459 et

228 3523 233 3536 .
257 3484 316 3535 468.
357 3478 398 3533 De
425 3477 577 3532 Aristarchi
605 3478 785 3545 explicatione
812 3476 1003 3531 vocabulorum
1027 3475 1092 3529 alibi
1115 3490 1149 3528 ex
1170 3473 1210 3526 in·

206 3498 312 3603 dustria
335 3545 468 3616 agendum
486 3547 551 3613 erit,
570 3544 858 3614 adhibitoflesychic,
876 3544 992 3614 Etpmol.
1010 3543 1049 3597 Μ.
1068 3549 1095 3597 61
1112 3541 1216 3596 ceteris·

212 3615 431 3685 Lexicographis,
449 3615 496 3682 qui
513 3614 585 3668 illius
603 3614 815 3669 Commentarios
832 3613 951 3668 studiose
970 3611 1156 3680 compilarunt.

278 3703 317 3767 ³⁵)
335 3699 397 3755 Non
414 3698 523 3767 quidem
537 3699 598 3767 plus
612 3704 711 3752 ter'aut
720 3704 816 3767 quater
824 3696 895 3750 illius
904 3693 1085 3750 correctiones
1093 3690 1210 3747 afferun-

212 3775 257 3825 tur
273 3771 319 3837 ita,
340 3776 371 3823 ut
391 3769 548 3820 coniecturas
562 3781 622 3820 esse
634 3765 735 3835 liquido
748 3771 862 3833 constet,
880 3781 905 3818 v.
919 3779 942 3817 c.
954 3760 989 3816 sd
1002 3762 1029 3815 s.
1043 3765 1102 3816 236.
1114 3757 1209 3815 Ἥττον
