3034 4434
626 538 806 598 ..pp-

286 687 345 749 Sed
370 688 539 763 priusquam
566 691 689 750 altorum
716 692 844 766 spatium
869 691 1031 765 ingredior,
1058 693 1143 752 velim
1163 711 1216 769 pro
1230 706 1268 747 1ss

207 781 240 824 se
261 767 383 838 quisque
409 767 505 827 animo
526 768 645 841 colligat
665 771 778 842 omnia,
805 785 878 842 quae
905 769 1044 828 hactenus
1065 772 1215 847 explicavi,

206 842 367 903 retexendo
387 840 437 903 ffla
456 846 680 918 argumentandi
701 862 792 919 saepe
812 846 978 919 subtiliora,
1005 853 1038 906 ut
1065 856 1216 922 appareat,

207 919 279 991 quid
298 920 434 994 singulae
455 922 599 996 rationes,
624 923 694 995 quid
713 924 865 982 universae
893 923 1016 982 valeant.
1055 922 1122 984 Etsi
1141 927 1217 984 enim

207 997 238 1054 in
259 997 366 1056 iunctis
386 1003 418 1057 et
437 999 521 1070 quasi
540 1000 720 1073 conglobatis
733 999 924 1074 probabilitas
938 1008 992 1073 est,
1015 1001 1091 1060 sicut
1107 1003 1137 1060 in
1155 1004 1217 1062 inn-

207 1073 263 1133 ctis
286 1074 425 1134 membris
451 1077 580 1150 corporis
599 1077 802 1152 pulchritudo,
822 1083 920 1136 tamen
940 1077 1054 1150 singula
1072 1086 1218 1140 momenta

206 1165 261 1223 per
284 1165 317 1209 se
344 1157 462 1225 oportet
487 1170 551 1213 eam
576 1155 634 1212 vim
653 1154 781 1227 habere,
808 1160 842 1212 ut
867 1154 977 1225 aliquid
1002 1154 1113 1214 addant
1131 1156 1216 1216 lanci.

206 1226 239 1286 Si
258 1227 288 1285 in
307 1229 453 1289 nonnullis
472 1230 539 1304 plus
558 1231 649 1289 tribui
668 1231 921 1303 verisimilitudini,
948 1247 1034 1304 quam
1054 1249 1157 1293 severa
1169 1235 1218 1293 lex

204 1303 347 1364 historiae
367 1307 471 1379 poscit,
491 1325 549 1367 non
568 1308 599 1366 id
620 1324 686 1368 mea
706 1309 793 1381 culpa
812 1306 922 1367 iactum
942 1314 996 1381 est,
1022 1309 1073 1368 sed
1094 1311 1218 1382 penuria

205 1382 336 1454 testium,
358 1399 478 1455 quorum
498 1400 535 1442 ne
555 1390 667 1444 tantum
688 1385 807 1458 quidem
820 1400 972 1444 numerum
987 1393 1173 1459 exspectares
1186 1388 1216 1446 in

205 1463 266 1517 tam
286 1459 414 1531 antiquis
436 1468 467 1520 et
485 1463 598 1521 occulto
610 1462 810 1522 crescentibus
824 1462 925 1520 rebus:
947 1467 1026 1521 certe
1041 1465 1216 1536 egonullum

206 1534 301 1594 locum
326 1538 436 1597 vetaris
461 1540 587 1598 auctoris
616 1540 711 1598 sciens
739 1537 850 1598 detorsi
874 1540 905 1596 11
925 1540 1012 1598 aliam
1032 1541 1215 1612 sententiam,

206 1628 294 1684 quam
321 1629 396 1685 quae
420 1631 491 1674 vera
520 1621 550 1675 et
575 1617 701 1689 genuina
732 1616 884 1675 uideretur
907 1616 971 1675 sine
994 1617 1054 1676 ullo
1078 1625 1215 1691 respectu

205 1689 291 1749 huius
312 1691 500 1762 quaestionis.
542 1693 635 1765 Quam
660 1709 722 1751 rem
748 1690 834 1751 facile
854 1708 900 1751 me
920 1693 1109 1767 probaturum
1129 1711 1215 1766 spero

206 1766 301 1826 doctis
322 1768 464 1842 omnibus,
486 1769 574 1829 etiam
594 1771 640 1843 iis,
661 1769 766 1842 quibus
787 1770 889 1828 ductas
911 1787 947 1828 ex
965 1770 1022 1828 illis
1042 1771 1113 1829 locis
1126 1771 1215 1830 ratio·

206 1844 367 1903 cinationes
392 1860 449 1904 non
479 1846 624 1920 probabo,
649 1847 825 1921 praesertim
850 1854 1026 1920 postremam
1045 1847 1131 1920 hanc,
1157 1864 1215 1920 qua
1322 1912 1326 1922 ,

205 1919 339 1993 artificii,
365 1921 443 1993 quod
467 1928 620 1998 tantopere
652 1923 846 1996 admirantur,
878 1925 1000 1996 gloriam
1026 1924 1153 1984 Homero
1179 1941 1214 1984 ex

204 2003 289 2070 parte
311 1995 429 2057 auferre
449 2015 536 2059 ausus
558 2017 629 2059 sum.
662 2000 728 2060 Hoc
747 2001 882 2058 nimirum
901 2002 1056 2074 perpaucis
1077 2003 1134 2060 erit
1153 2019 1214 2062 cre·

205 2074 305 2147 dibile,
325 2072 424 2134 forsan
442 2093 480 2136 ne
499 2083 560 2136 tum
581 2077 707 2152 quidem,
730 2094 818 2151 quum
839 2083 1074 2150 argumentorum
1087 2080 1213 2138 omnium

204 2151 336 2224 pondere
360 2151 531 2213 obruentur·
571 2155 605 2212 In
631 2155 677 2213 his
705 2156 782 2213 enim
811 2171 885 2228 opus
906 2160 952 2213 est
971 2171 1059 2213 sensu
1078 2157 1212 2230 quodam,
1308 2177 1310 2187 ·

205 2243 290 2299 quem
311 2228 363 2288 illa
381 2245 439 2290 non
459 2231 591 2290 afferunt.
624 2231 700 2290 Mihi
719 2248 798 2305 vcro,
819 2232 880 2290 sive
893 2232 1021 2304 ipsorum
1036 2231 1213 2293 Graecorum

204 2306 264 2364 sive
286 2305 410 2364 11111111
430 2308 560 2380 gentium
580 2324 754 2381 progressus
776 2309 900 2381 intueor,
920 2308 993 2366 illud
1011 2309 1127 2369 minime
1148 2327 1210 2371 cre·
1226 2338 1264 2377 iso

204 2381 295 2442 dibile
308 2381 433 2457 videtur,
454 2384 531 2456 quod
545 2385 666 2444 credere
680 2386 868 2457 assuevimus,
880 2386 955 2444 haec
967 2385 1040 2444 talia
1052 2386 1109 2446 duo
1123 2404 1214 2461 opera

203 2460 289 2519 unius
308 2460 420 2531 ingenii
439 2468 561 2536 repente
582 2478 618 2520 ex
630 2463 763 2521 tenebris
778 2462 984 2536 splendescere
998 2468 1028 2521 et
1040 2464 1135 2522 nitore
1148 2481 1212 2536 par·
1227 2491 1229 2496 ·

204 2537 275 2596 tium
296 2542 328 2598 et
346 2538 446 2597 multis
465 2539 636 2611 magnisque
656 2540 814 2600 virtutibus
835 2556 963 2599 summae
982 2545 1153 2614 perpetuae.

615 2750 799 2826 XXXVI.

280 2925 378 2980 Altero
398 2933 474 2980 octos
493 2939 512 2983 a
530 2923 717 2980 Pisistratidis
737 2922 774 2981 ad
790 2925 956 2978 Zenodotom
968 2938 1026 2982 non
1039 2924 1129 2982 multo
1143 2927 1209 2998 plus

204 2998 275 3060 lucis
294 3000 386 3059 habet
406 3016 492 3072 quam
512 3001 563 3060 illa
583 3001 684 3074 prima.
728 2998 814 3072 Quod
833 2998 916 3057 nobis
939 3005 983 3056 est
1003 3001 1089 3059 valde
1110 3002 1208 3062 dolen·

205 3076 280 3151 dum,
301 3079 439 3150 quoniam
458 3079 488 3135 11
508 3094 544 3137 11
563 3079 690 3150 origines
711 3075 899 3148 quaerendae
920 3082 987 3134 sunt
1006 3079 1098 3137 omnis
1118 3080 1207 3136 inter-

203 3155 392 3227 pretationis,
418 3170 493 3226 quae
518 3154 634 3226 quidem
660 3153 739 3228 apud
766 3159 880 3211 veteres
906 3153 936 3211 in
955 3170 1010 3211 usu
1029 3152 1092 3213 luit.
1133 3157 1209 3214 Nam

205 3237 360 3305 antequam
385 3248 450 3290 eam
473 3229 664 3291 refertissima
692 3230 799 3289 litteris
825 3235 908 3288 aetas
933 3230 1043 3290 maiore
1063 3238 1207 3306 apparatu

204 3308 441 3382 aggrediebatur,
461 3308 638 3382 Philosophi,
665 3307 821 3380 sophistae
843 3307 942 3365 etalii
962 3307 1124 3368 liberaliter
1143 3326 1208 3368 eru·

203 3494 346 3563 vestigium
364 3493 436 3548 illius
454 3494 612 3563 suspicionis
631 3496 715 3548 lateat
732 3495 761 3549 in
777 3496 901 3550 mutilato
919 3495 979 3550 loco
990 3492 1069 3547 Vitae
1087 3495 1207 3566 Homeri,

219 3578 270 3620 uae
298 3579 316 3618 a
335 3561 485 3643 Tychsenio
509 3563 660 3617 accuratius
683 3579 764 3631 quam
788 3563 960 3619 antecedite
978 3562 1064 3616 estin
1081 3564 1205 3631 Append.

202 3579 278 3688 Xasc.
295 3632 319 3686 Ι.
336 3630 407 3685 Bibl.
426 3629 562 3699 Goetting.
580 3647 607 3698 p.
624 3637 677 3686 11.:
696 3629 749 3700 Γέγ
771 3650 825 3701 aps
843 3633 965 3703 ποιήσεις
978 3629 1036 3696 δύο,
1053 3626 1206 3708 ’1111ιῖ11111

199 3697 373 3754 Ὀδύσσειαν·
398 3696 489 3752 Ξένων
516 3701 561 3752 καὶ
574 3699 724 3761 Ἑλλάνικος
760 3705 903 3770 parperiam
923 3701 1015 3753 αὐτοῦ.
1055 3697 1204 3767 [Therses.

200 3769 260 3825 Act.
277 3769 390 3824 Monac.
408 3771 433 3822 2.
450 3783 477 3835 p.
494 3769 567 3838 ola]

222 3867 313 3916 Wolf,
326 3864 498 3912 Prolsgomsna.
1038 3862 1051 3901 q
