3034 4434
619 547 798 601 ..45-

280 693 343 766 Quo
364 694 517 768 pertinent
536 694 627 767 igitur
638 693 814 754 1111111111
833 695 888 768 Εο,
908 695 1008 767 inquo
1022 695 1201 756 doctissimos
1215 707 1241 747 π

214 769 417 831 Grammaticos
436 769 633 830 Alexandriae
652 768 715 830 fere
733 773 913 831 consensisse
931 773 1028 831 statim
1042 774 1203 846 apparebit.

212 846 391 908 linationem
411 845 510 920 faciet,
531 847 607 919 quod
627 848 736 921 dicam3
757 855 788 908 et
805 849 869 922 ipse
887 849 918 908 id
938 866 1146 923 saepenumero
1159 853 1210 909 mi·

212 931 284 984 ratus
309 941 375 984 sum
401 931 524 999 propter
543 925 604 985 late
623 932 772 999 patentem
791 923 889 983 ἀνιστο
910 925 991 1002 qarbu
1011 929 1207 1000 antiquitatis:

212 1003 299 1061 nullus
319 999 377 1061 init
396 1002 427 1060 in
441 1001 567 1062 Graecia
587 1002 717 1062 eruditus
730 1004 874 1076 interpres
917 1005 1016 1075 omeri,
1037 1007 1087 1077 qui
1099 1006 1207 1063 inistis

211 1079 335 1138 versibus
357 1079 532 1150 scripturam
552 1079 613 1138 veri
632 1081 764 1152 nominis,
784 1080 889 1152 nullus,
910 1081 959 1152 qui
979 1097 1042 1139 eam
1063 1087 1157 1140 artem
1177 1084 1206 1140 in

212 1155 388 1215 Carminibus
407 1156 486 1214 illius
507 1155 577 1216 alibi
589 1173 710 1229 usquam
723 1163 912 1216 memoratam
925 1158 1078 1217 censuerit.
1105 1159 1168 1217 Hoc
1182 1161 1206 1217 si

212 1233 251 1290 cui
269 1239 384 1291 temere
403 1233 589 1306 pronunciari
601 1234 755 1306 videbitur,
776 1234 883 1306 eripiat
895 1234 974 1306 milri,
994 1251 1112 1308 quaeso,
1131 1236 1208 1295 hunc

212 1325 334 1369 errorem
349 1309 418 1382 alia,
439 1325 526 1382 qnam
538 1311 709 1370 recentioris
723 1311 873 1370 cuiusdam
888 1310 1067 1371 Scholiastae
1081 1315 1205 1373 auetori-

211 1393 274 1459 tate,
295 1402 383 1459 quam
404 1385 511 1446 deinde
531 1404 582 1448 suo
600 1389 664 1448 loco
684 1403 852 1461 proponam.
885 1388 932 1446 Ex
944 1388 1099 1448 Eustathio
1113 1397 1143 1448 et
1155 1407 1206 1448 an·

210 1463 380 1536 tiquioribus
393 1461 522 1523 fontibus
535 1462 632 1525 iacere
648 1481 705 1524 non
720 1465 838 1537 poterit.
860 1464 971 1536 Quodsi
981 1466 1055 1524 ullus
1066 1472 1206 1539 veterum,

210 1556 325 1612 quorum
338 1541 439 1614 copias
449 1541 621 1602 Eustathius
635 1541 673 1601 ad
687 1542 936 1602 commentandum
947 1550 1142 1616 congesserat,
1156 1545 1206 1602 ali·
1230 1591 1233 1597 .

211 1618 269 1676 cubi
288 1618 466 1678 contrariam
486 1619 628 1678 rationem
647 1619 809 1692 attulisset,
834 1619 884 1690 qui
903 1617 966 1677 fieri
985 1619 1144 1691 potuisset,
1169 1626 1202 1678 ut

212 1710 268 1754 eam
286 1695 334 1754 vir
353 1695 515 1768 priscorum
535 1695 687 1756 verborum
707 1712 793 1769 qnam
811 1712 923 1755 morum
942 1695 1078 1768 peritior,
1103 1703 1133 1754 et
1153 1699 1203 1766 qui

212 1768 303 1832 ioman
322 1787 362 1830 ne
381 1771 515 1832 homilias
535 1773 650 1845 quidem
670 1789 738 1832 suas
754 1773 817 1832 sola
829 1773 968 1830 memoria
981 1771 1107 1843 tenebat,
1126 1773 1205 1831 nullo

211 1848 306 1909 inloeo
316 1849 481 1922 longissimi
491 1848 695 1910 Commentarii
704 1849 841 1922 effutiret,
855 1856 942 1921 atque
951 1848 1087 1907 heroibus
1098 1854 1202 1922 poetae

211 1922 374 1985 facultatem
394 1926 541 1986 scribendi
559 1927 741 1999 assignaret?
760 1927 836 1986 Nam
855 1927 885 1983 in
898 1926 973 1984 hunc
986 1942 1135 1984 numerum
1148 1928 1203 1985 sal-

211 2008 263 2062 tem
274 2020 332 2063 non
353 2003 479 2062 venitis
498 2003 587 2077 locus,
607 2004 664 2063 etsi
682 2005 779 2077 magni
799 2004 968 2062 aestimatus
983 2003 1019 2062 ab
1033 2004 1202 2075 antiquariis

211 2081 358 2152 nonnullis,
378 2080 408 2138 11
428 2096 486 2152 quo
506 2079 687 2154 disciplinam
706 2081 871 2140 litterarum
884 2096 902 2137 a
915 2079 1047 2152 Pelasgis
1061 2088 1203 2140 servatam

212 2170 241 2213 ex
253 2156 363 2216 diluvio
379 2156 570 2230 1111111117).
607 2157 805 2218 Oommentum
817 2157 873 2216 hec
887 2163 932 2215 est
944 2157 1061 2217 aniliter
1073 2155 1202 2217 fabulan—
1218 2167 1243 2205 ⁷⁶

211 2317 261 2387 λήν.
297 2317 374 2371 Β111
392 2317 445 2370 hoe
462 2332 569 2396 quoque
588 2323 616 2371 et
633 2318 673 2372 ita
690 2323 753 2386 apta
772 2317 856 2371 cuivis
874 2317 958 2386 signo,
976 2326 1015 2386 ut,
1033 2321 1056 2372 si
1073 2334 1130 2372 rem
1148 2321 1204 2372 uni·

211 2400 290 2454 verse,
301 2400 358 2439 non
368 2385 478 2440 modum
489 2400 529 2439 rer
538 2391 566 2439 et
577 2385 717 2440 desuetum
729 2401 831 2439 morem
840 2392 997 2440 narraturus
1009 2393 1088 2453 esset,
1100 2386 1204 2440 Graeca

211 2452 297 2534 lingua
314 2452 383 2507 nihil
400 2453 491 2575 asstius
507 2453 627 2508 haberet.
662 2454 776 2509 Constat
793 2455 863 2507 enirn
881 2455 1024 2523 ἐπιστολήν
1042 2454 1153 2520 propria
1170 2455 1203 2507 si-

211 2520 378 2589 gnificatione
396 2537 415 2589 p
443 2536 477 2575 ne
495 2537 554 2578 esse
573 2523 698 2593 ἐντοιῑήν,
716 2524 879 2584 mandorum
900 2538 935 2575 ex
967 2538 1001 2575 uo
1014 2523 1146 2588 etiamap.
1157 2520 1203 2575 So·

209 2589 329 2656 phoclem
354 2596 417 2644 sunt
438 2588 528 2660 λόγων
552 2589 698 2645 ἐπιστολαί.
735 2589 775 2644 (is.
793 2593 881 2659 lntpp.
900 2590 936 2644 ad
981 2589 1069 2657 esych.
1088 2589 1118 2641 T.
1138 2591 1158 2643 l.
1176 2604 1203 2656 p.

212 2662 279 2714 1390.
314 2657 369 2713 Sed
387 2658 473 2726 magis
489 2659 542 2713 huc
559 2658 729 2714 referendum
747 2666 802 2726 est,
830 2659 902 2728 qnod
919 2657 1032 2727 posthac
1051 2656 1148 2711 clarius
1165 2657 1204 2710 in·

210 2727 358 2796 telligatur,
380 2726 511 2780 monitum
527 2726 672 2782 Eustathio
689 2745 716 2796 p.
734 2730 793 2783 632.
812 2731 831 2781 1.
849 2732 887 2790 9.,
911 2729 960 2797 τὴν
979 2726 1076 2778 πίνακα
1093 2725 1204 2780 Homeri

210 2809 262 2849 esse
285 2797 337 2866 τὴν
360 2795 438 2865 παρὰ
461 2797 518 2856 τοῖς
540 2796 659 2868 ὕστερον
683 2796 836 2866 ἐπιστολήν.
877 2796 989 2850 Omnem
1013 2810 1077 2849 vero
1100 2793 1204 2848 dubita-

208 2863 304 2918 tionem
328 2863 400 2916 tollit
417 2863 528 2918 verbum
544 2866 746 2934 ἐπιγνῶναι,
770 2882 919 2932 agrroacere,
941 2880 996 2919 non
1014 2866 1108 2942 legero,
1132 2863 1204 2931 quod

208 2938 243 2985 est
259 2932 476 3001 ἀναγνῶναι,
493 2949 511 2986 1
562 2950 624 2988 111
642 2933 716 2987 illud.
751 2932 822 2986 lllud
840 2939 930 2987 autem
948 2933 1058 2986 Graecis
1076 2931 1205 2986 usitatum

208 3013 260 3054 esse
279 3001 314 3054 de
333 3014 348 3054 e
368 2999 456 3067 istola,
474 3006 521 3054 aut
557 3001 651 3056 ocendi
669 3001 768 3056 erimus
786 3001 827 3069 iis,
864 3003 891 3055 ui
909 3016 985 3055 secus
1002 3000 1150 3068 accipiunt,
1168 3008 1204 3064 et,

208 3074 232 3121 ut
249 3068 332 3122 citius
348 3015 475 3135 floreant,
492 3085 527 3124 11
538 3070 666 3125 Planndis
683 3070 791 3139 quidem
811 3078 838 3123 et
876 3067 989 3123 ustathii
1007 3068 1114 3122 saecula
1132 3069 1202 3122 exei-

207 3136 302 3205 pimus3
321 3143 370 3190 ant
388 3135 455 3204 ipsis
472 3139 670 3193 eoncedendum
688 3139 747 3206 erit,
765 3139 811 3192 rix
829 3138 909 3192 luisse
928 3153 1013 3207 genus
1030 3136 1158 3205 loquendi
1169 3138 1203 3189 si-

207 3204 382 3272 gnificantius,
401 3220 454 3272 quo
471 3206 684 3287 mythographus
701 3213 832 3274 uteretur,
851 3208 873 3261 si
891 3207 977 3275 ipsam
995 3221 1061 3272 rem,
1078 3211 1109 3258 ut
1126 3206 1202 3273 solet,

207 3269 319 3327 breviter
346 3277 375 3327 et
398 3288 521 3341 prosana
543 3274 659 3330 dictione
681 3276 823 3344 persequi,
845 3292 894 3330 nec
910 3274 1092 3344 antiquarium
1110 3273 1201 3340 inepto

207 3338 259 3396 loco
278 3356 362 3410 agere
380 3341 469 3396 vellet.

268 3427 305 3496 ³⁷)
323 3426 370 3480 Ad
387 3426 418 3479 11.
436 3426 465 3492 β.
503 3433 585 3485 ,358Ι
619 3428 665 3481 Ex
682 3435 757 3483 tanto
775 3428 870 3482 merito
888 3428 1015 3496 Pelasgos
1033 3426 1067 3480 ab
1085 3426 1203 3480 Homero

208 3495 334 3562 apellari
359 3495 441 3555 dioec.
481 3445 577 3552 {laune
601 3498 697 3551 mirum
721 3503 777 3564 est,
801 3497 939 3566 egregium
964 3502 1143 3550 commentum
1167 3495 1201 3571 ab

210 3563 327 3637 matath.
346 3562 421 3617 sileri
438 3564 473 3618 ad
488 3583 511 3619 κ.
530 3570 589 3622 429.
614 3573 642 3620 et
660 3564 754 3634 Odyss.
773 3583 796 3618 r.
818 3567 895 3620 rin?
929 3566 973 3618 An
990 3564 1060 3618 forte
1078 3578 1132 3616 non
1149 3562 1201 3639 furt

209 3642 232 3682 m
249 3630 363 3685 Scholiis
387 3631 464 3687 eius?
498 3634 577 3688 Certe
599 3641 692 3688 nostra
716 3634 744 3688 id
761 3649 816 3687 non
832 3632 962 3699 afferunt,
985 3647 1036 3685 nec
1053 3629 1130 3683 Diod.
1149 3628 1200 3681 Suo.

210 3694 237 3772 Y,
253 3702 304 3767 57,
322 3699 371 3753 ubi
387 3700 483 3756 11111111
499 3702 636 3758 fabulatur
654 3702 687 3756 de
705 3702 882 3757 monumentis
893 3702 1042 3754 litterarum
1054 3696 1202 3774 absumptis

211 3777 234 3818 m
255 3766 364 3821 diluvio.
399 3767 564 3826 Transcurro
587 3771 660 3826 aliud
682 3769 809 3839 quiddam
833 3771 861 3823 in
878 3770 937 3824 loco
954 3765 1104 3829 Eustathu,
1129 3763 1200 3831 quod
