3034 4434
631 764 793 846 XXVII.

267 908 469 969 Difficultates
484 912 559 983 illas,
574 929 645 984 quas
660 912 780 972 mirifica
793 912 886 974 torma
903 921 933 973 et
947 915 1104 991 descriptio
1118 918 1270 977 horumne

221 981 287 1043 ἐπῶν
314 988 505 1060 partiumque
527 989 677 1062 dispositio
698 990 806 1064 obiicit,
827 993 993 1064 singulatim
1014 994 1217 1067 expendendas
1231 1009 1269 1048 ιιι

221 1070 244 1121 et
265 1063 398 1124 omnibus
425 1065 535 1124 viribus
564 1073 652 1138 atque
678 1067 781 1140 opibus
807 1069 955 1142 augendas
981 1071 1044 1129 aliis
1065 1072 1215 1133 mandabo.

220 1235 288 1281 terea
311 1227 426 1282 subinde
451 1233 479 1280 et
497 1225 615 1296 abolevi,
640 1227 770 1296 quidquid
787 1228 893 1282 illarum
912 1229 978 1283 mihi
997 1235 1166 1300 notaveram,
1193 1234 1216 1287 si

217 1295 279 1349 torte
296 1296 330 1349 iis
344 1311 379 1349 ex
391 1295 523 1350 memoria
535 1301 563 1348 et
574 1296 662 1350 animo
675 1297 776 1364 elapsis
789 1296 934 1352 succedens
947 1299 1000 1353 alio
1013 1304 1133 1367 tempore
1146 1316 1215 1355 nova

216 1365 337 1432 cogitatio
366 1363 507 1432 scrupulos
531 1362 645 1418 tolleret.
682 1364 770 1418 Semel
794 1365 861 1420 adeo
904 1365 982 1420 uduit
1004 1382 1047 1420 me
1066 1374 1093 1420 ct
1111 1368 1215 1422 taeduit

215 1432 287 1499 plane
306 1433 367 1486 viae
385 1432 430 1487 vel
447 1431 546 1486 erroris
562 1432 624 1500 mei,
641 1431 711 1486 lecto
730 1433 846 1487 Perralti
862 1383 931 1489 libro
941 1434 974 1489 de
987 1434 1138 1503 Comparat.
1148 1443 1213 1491 vett.

216 1509 239 1553 et
255 1508 378 1569 recente,
397 1500 444 1555 ubi
462 1500 494 1553 T.
503 1499 551 1552 ΙΙΙ.
564 1517 590 1568 p.
605 1505 646 1556 35.
664 1501 692 1553 in
705 1501 929 1569 contemptionem
941 1503 1109 1571 antiquitatis
1121 1503 1213 1570 refert,

216 1568 311 1637 aliquid
333 1569 421 1623 simile
441 1566 591 1690 aguodam
610 1585 645 1637 po
666 1569 782 1623 ularium
800 1585 908 1624 suorum
927 1577 1136 1625 commentatum
1154 1587 1213 1627 esse

216 1645 239 1689 et
255 1638 400 1705 aliquando
420 1652 469 1705 pro
489 1637 596 1691 iturum.
656 1637 727 1691 aullc
745 1645 808 1706 post
826 1639 928 1707 accipio
948 1639 1113 1707 opusculum,
1141 1641 1213 1708 qnod

214 1706 254 1759 ille
263 1706 427 1772 minabatur,
444 1705 567 1773 hominis,
585 1707 731 1760 Humerum
741 1707 866 1775 negantis
878 1723 995 1775 unquam
1008 1706 1098 1775 firisse,
1111 1713 1212 1762 utrum·

217 1790 264 1842 que
294 1781 387 1828 autem
413 1775 549 1837 σωμάτιον
574 1772 718 1829 conflatum
742 1790 800 1828 esse
826 1774 945 1829 docentis
969 1789 1003 1828 ex
1027 1778 1166 1843 trapoediio
1189 1787 1212 1829 et

214 1845 290 1894 uariis
309 1844 416 1894 canticis
434 1844 465 1894 dc
476 1844 560 1904 trivio,
578 1844 749 1894 mendicorum
768 1853 791 1895 et
809 1845 999 1904 circulatorum,
1018 1845 1080 1895 blo
1096 1845 1210 1898 mamere

212 1913 252 1961 dea
274 1913 400 1962 chanaone
426 1916 463 1962 du
489 1911 632 1977 Pontncuj;
671 1917 763 1964 cetera
791 1911 820 1964 in
842 1910 956 1965 eundem
981 1911 1102 1966 modum:
1131 1917 1159 1965 et
1183 1912 1211 1966 in

211 1979 347 2033 Prooemio
366 1979 472 2033 omnino
491 1978 557 2031 nihil
575 1993 603 2032 se
622 1994 656 2032 ex
674 1979 786 2034 Graecis
798 1979 895 2034 litteris
908 1980 1131 2048 operaepretium
1145 1979 1211 2036 didi·

212 2047 274 2101 cisse
293 2047 442 2101 confirmat.
478 2045 555 2113 Quod
572 2064 654 2100 unum
673 2055 714 2101 est
732 2063 766 2100 ex
778 2049 880 2116 paucis,
899 2049 926 2100 in
938 2048 1036 2117 quibus
1047 2048 1154 2103 facilea
1173 2050 1211 2105 ud

212 2131 299 2170 omnes
318 2114 398 2169 fidem
416 2115 548 2169 inveniat:
566 2114 672 2183 reliqua
690 2117 793 2170 somnia
810 2121 872 2169 sunt
891 2123 919 2170 et
937 2117 1119 2171 deliramenta.
1182 2134 1210 2172 o·

209 2185 282 2237 minis
301 2184 421 2252 alioquin
439 2199 492 2237 non
511 2183 616 2237 obscuri
633 2199 719 2251 neque
737 2183 840 2253 insulsi,
859 2184 971 2253 aliisque
990 2185 1064 2239 libris
1083 2187 1164 2240 etiam
1182 2186 1210 2241 in

210 2251 351 2306 Germania
370 2252 436 2319 noti,
455 2253 516 2318 (Fr.
529 2253 640 2304 Hedelia
659 2254 731 2305 Abte
746 2253 918 2322 dduoiqnacp
939 2256 1074 2324 [dequeo.
1090 2256 1209 2321 Obouffc·

207 2323 259 2403 pil]
281 2320 389 2375 libellus
407 2321 447 2373 ita
465 2320 622 2388 inscriptus:
648 2322 810 2388 Ooojecturcs
828 2323 1008 2389 ocodlmiquea
1025 2341 1058 2374 ou
1075 2323 1145 2376 Dias.
1162 2342 1210 2375 aar

186 2391 322 2451 ‘t’iuada
348 2391 430 2457 quum
454 2388 500 2441 diu
523 2388 647 2442 latuisset
670 2389 742 2456 apud
762 2389 984 2456 Charpenterium
1003 2395 1031 2443 et
1049 2390 1129 2458 alios,
1154 2391 1208 2459 qui,

206 2457 337 2512 incertum
356 2457 434 2510 amici
447 2472 481 2510 an
493 2462 614 2510 veterum
626 2472 725 2520 amore,
738 2457 809 2510 illius
821 2457 931 2511 editioni
942 2474 1044 2512 moram
1057 2458 1207 2539 nectebant,

207 2526 313 2580 tandem
331 2532 437 2580 mortno
451 2524 582 2578 Hedelino
601 2526 701 2593 prodiit
712 2525 773 2579 Par.
794 2528 866 2580 1715.
885 2531 909 2580 8.
937 2527 964 2580 Is
982 2527 1125 2596 aliquoties
1141 2526 1208 2580 mim

206 2594 348 2714 perlectus,
367 2600 397 2647 nt
416 2592 479 2661 dixi,
498 2594 616 2647 taedium
635 2594 726 2648 attulit
744 2593 877 2661 opinionis
895 2611 979 2664 meae,
998 2596 1025 2647 in
1043 2595 1118 2648 cuius
1137 2595 1207 2649 simi-

216 2663 346 2717 'tudinem
364 2662 499 2730 quandam
517 2662 651 2716 levissima
668 2663 806 2717 temeritas
823 2669 851 2715 et
868 2663 974 2717 inscitia
987 2664 1154 2731 antiquitatis
1164 2663 1207 2717 de·

206 2730 278 2798 lapsa
292 2737 379 2798 esset3
391 2731 514 2799 serioque
529 2730 605 2798 coepi
616 2730 720 2799 vulgari
733 2731 854 2800 quamvis
866 2733 935 2785 male
945 2732 1100 2787 cohaerenti
1109 2731 1206 2786 rationi

204 2805 362 2868 argumenta
391 2800 556 2868 conquirere.
591 2798 660 2852 Nam
690 2815 724 2853 no
742 2798 874 2854 Hedelino
905 2801 1013 2869 quidem
1036 2817 1053 2854 a
1077 2800 1206 2867 Boilario,

204 2867 317 2922 Dacerio
336 2875 365 2921 et
382 2867 442 2920 aliis
460 2868 527 2921 bene
545 2883 702 2935 responsum
719 2868 851 2921 videbam.
886 2870 929 2922 Ita
946 2870 1019 2922 varie
1037 2869 1154 2936 annisus,
1174 2876 1206 2922 ut

203 2936 336 2990 historicis
354 2935 556 2990 difficultatibus
573 2936 626 2990 alia
638 2942 719 3005 atque
729 2935 782 2989 elia
793 2936 837 2989 via
849 2952 1024 3004 occurrerem,
1042 2953 1104 2991 mox
1117 2937 1205 2991 denuo

204 3012 316 3058 vexatus
335 3005 396 3070 illis,
415 3003 555 3072 denuoque
574 3011 683 3058 coactus
702 3004 807 3071 cedere,
825 3006 947 3059 conscius
964 3005 1029 3058 mihi
1048 3021 1114 3071 sum,
1138 3005 1205 3058 nihil

204 3089 243 3126 me
262 3089 315 3128 nec
332 3072 447 3126 vanitati
464 3073 619 3140 cupiditatis
636 3088 687 3126 nec
705 3073 853 3126 sententiae
871 3074 984 3127 novitati
1002 3073 1151 3141 indulsisse,
1176 3079 1204 3127 et

204 3157 294 3196 omnes
312 3140 460 3195 intendisse
477 3156 581 3207 nervos,
600 3147 630 3193 ut
648 3141 681 3194 ab
700 3141 798 3195 erroris
816 3141 919 3208 laqueis
938 3157 1068 3196 carerem.
1105 3141 1203 3195 Testes

205 3212 242 3264 rei
258 3209 348 3264 habeo
366 3209 466 3263 multos
484 3208 654 3262 familiarium
666 3226 794 3277 meorum,
814 3209 971 3277 quibuscum
992 3226 1042 3278 per
1054 3210 1104 3264 hos
1113 3211 1202 3277 proxi-

202 3294 257 3333 mos
277 3293 363 3332 annos
380 3277 500 3331 laborem
517 3292 606 3331 meum
618 3278 819 3345 communicavi,
837 3278 1007 3346 provocando
1018 3294 1064 3333 eos
1076 3277 1111 3332 ad
1122 3292 1203 3399 <puae-

200 3348 312 3403 rendum
331 3361 433 3413 verum
456 3353 484 3398 et
501 3345 598 3412 omnia,
626 3360 694 3413 quae
711 3346 740 3399 in
757 3346 823 3413 ipsis
841 3346 1008 3400 Carminibus
1026 3346 1092 3399 mihi
1110 3362 1126 3399 a
1146 3361 1202 3400 ver·

201 3416 252 3469 sari
270 3415 442 3482 viderentur,
468 3413 587 3467 studiose
605 3414 753 3483 colligenda
772 3420 800 3467 et
817 3419 865 3468 sub
883 3431 965 3469 unum
983 3416 1140 3482 adspectum
1158 3430 1200 3467 co·

218 3485 296 3539 enda.
332 3484 374 3537 Ac
400 3497 434 3535 ne
452 3497 523 3535 nunc
541 3481 648 3550 quidem
665 3483 732 3536 haec
751 3482 873 3552 disputo,
896 3493 927 3537 ut
950 3483 1073 3551 cuiquam
1092 3497 1201 3550 persua-

201 3499 290 3620 beam,
319 3551 363 3606 cui
388 3566 442 3605 non
465 3550 525 3618 ipsa
547 3566 591 3603 res
614 3550 792 3618 persuadeat,
811 3552 859 3606 sed
877 3558 914 3617 ut,
934 3553 956 3604 si
974 3550 1038 3619 quid
1056 3549 1202 3603 erraverim

199 3622 291 3675 autin
311 3620 411 3674 falsum
430 3618 596 3684 detorserim,
615 3620 712 3673 erroris
731 3620 874 3678 convincar
892 3619 926 3673 ab
944 3617 1120 3672 acutioribus.-

263 3689 306 3744 Ne
325 3703 391 3742 vero
409 3686 632 3741 Rudbeckiannm
649 3687 785 3756 ingenium
797 3688 915 3742 induisse
926 3687 1027 3751 videar,
1045 3683 1144 3751 qnippe
1155 3683 1202 3751 qui

197 3758 237 3812 vel
254 3759 283 3813 in
301 3756 421 3812 minimis
437 3754 593 3809 historicam
610 3756 751 3809 veritatem
778 3771 880 3810 sacram
898 3769 954 3808 rem
972 3752 1072 3805 habere
1091 3750 1200 3815 soleam,
