3034 4434
624 542 804 596 -121-

285 689 343 751 Sed
369 692 526 764 plerosque
549 690 651 765 horum
679 692 818 752 librorum
845 692 917 751 situs
938 693 1046 752 dudum
1068 699 1098 752 et
1117 694 1213 754 tineae
1227 707 1264 750 ror

215 773 429 842 occupaverant,
444 784 532 841 quum
544 767 724 828 scholiastae
737 770 830 829 nostri
839 771 1059 831 commentarios
1070 788 1137 831 suos
1148 788 1214 831 con·

214 845 384 905 scribebant.
419 845 496 918 Quin
510 846 600 904 etiam
611 845 774 920 principum
789 845 970 920 criticorum,
992 851 1132 917 Zenodoti,
1149 851 1215 904 Arl-

212 924 358 995 otoplooio,
381 923 543 994 Amtoroti,
568 923 689 995 Οναιοείε,
709 923 894 983 recensiones
914 929 945 983 et
957 925 1212 998 interpretationes

211 999 265 1059 iam
284 1004 348 1058 tum
367 1015 425 1058 non
446 1004 530 1058 erant
549 999 579 1057 in
600 998 750 1059 doctorum
764 999 896 1060 manibus
909 1001 1050 1075 integrae.
1084 1002 1214 1062 Tametsi

210 1092 262 1150 por
279 1076 332 1134 illa
351 1075 470 1135 saecula
490 1081 639 1148 totumque
658 1076 794 1150 medium,
821 1078 898 1149 quod
926 1084 1038 1147 vocant,
1064 1095 1166 1138 aerum
1185 1080 1216 1138 in

210 1153 306 1226 aliqua
319 1152 498 1213 bibliotheca
509 1153 585 1213 liber
597 1154 694 1227 potuit
706 1154 890 1228 incorruptus
904 1155 1007 1230 latere,
1029 1172 1114 1229 quem
1128 1156 1214 1230 vulgo

210 1231 237 1289 in
247 1229 411 1304 deperditis
421 1229 621 1303 numerabant,
631 1232 677 1290 vel
687 1231 716 1288 in
726 1228 851 1289 frustula
862 1231 1017 1291 dissectum
1029 1232 1214 1307 legebantil).

209 1307 352 1366 Nimirum
372 1306 425 1367 sub
445 1306 578 1381 Augusto
599 1312 629 1366 et
647 1308 780 1381 proxima
800 1313 906 1381 aetate,
927 1325 1002 1381 quae
1022 1309 1081 1370 cito
1101 1311 1215 1371 litteras
1255 1342 1259 1346 -

209 1383 423 1443 Menandrinas
434 1382 472 1442 ad
486 1385 657 1443 tenuitatem
671 1384 905 1457 compendiorum
918 1387 1053 1459 redigere
1067 1393 1214 1462 coeperat,
1228 1401 1266 1441 me

209 1461 349 1521 lectiones
371 1466 401 1519 et
421 1461 638 1521 emendationes
659 1461 774 1521 illorum
794 1462 973 1536 aliorumque
993 1464 1074 1524 vario
1093 1465 1214 1525 consilio

210 1543 367 1612 excerptae
383 1553 405 1596 a
424 1538 522 1597 multis
541 1554 596 1612 per
615 1537 725 1597 Lexica
746 1544 776 1596 et
798 1538 1025 1613 Commentarios
1047 1546 1078 1599 et
1099 1541 1215 1601 Scholia

210 1614 463 1690 dispergebantur.
503 1614 600 1687 Atque
621 1616 730 1674 utinam
750 1615 841 1674 ullum
861 1633 897 1676 ex
916 1617 979 1675 istis
993 1616 1084 1690 libris,
1105 1618 1214 1678 utinam

209 1691 352 1751 duntaxat
364 1707 451 1749 unum
464 1691 612 1765 Apollonii
625 1692 754 1752 Lexicon
768 1693 913 1766 integrum
927 1693 1118 1753 haberemus!
1139 1695 1214 1754 Nam

210 1771 256 1842 qui
266 1773 374 1843 postca
385 1767 426 1828 ad.
433 1768 645 1842 compilandum
651 1774 792 1828 venerunt
801 1770 904 1828 minuti
916 1769 1112 1841 Grammatici,
1125 1787 1213 1844 saepe

210 1845 309 1905 dedita
333 1861 425 1918 opera
449 1846 652 1918 neglexerunt,
680 1845 821 1919 quidquid
840 1847 1042 1908 reconditioris
1063 1848 1213 1908 doctrinae

211 1927 287 1982 osset
328 1922 390 1981 sive
417 1923 578 1996 evulgato
605 1928 687 1982 textu
712 1923 757 1982 sui
777 1925 915 1998 temporis
936 1925 1070 1984 alienum.
1109 1925 1212 1998 Itaque

210 1967 318 2060 ocidit
336 1997 470 2072 amnem,
496 2005 529 2058 ut
548 1999 642 2059 neue
663 2001 808 2074 pomariis
829 2001 946 2074 quidem
967 2001 1081 2062 curros
1101 2002 1214 2071 roim

211 2092 332 2149 quorum
352 2077 528 2136 auctoritate
547 2077 671 2151 primum
690 2077 738 2136 hic
757 2082 855 2137 textus
874 2085 975 2139 noster
993 2079 1129 2153 manavit,
1150 2085 1213 2139 tan·

211 2159 270 2212 tum
289 2152 375 2213 nobis
396 2154 531 2227 supersit,
554 2159 692 2226 quantum
713 2153 751 2213 ad
772 2156 971 2227 cognoscenda
985 2172 1084 2216 eorum
1096 2157 1214 2230 ingenia

212 2236 239 2289 et
260 2229 437 2290 emendandi
457 2236 549 2295 artem
569 2229 703 2291 sufficiat.
742 2231 806 2291 Hoc
826 2239 922 2293 autem
943 2239 988 2293 est
1007 2234 1087 2306 illud,
1106 2234 1137 2292 in
1156 2251 1213 2307 quo

210 2323 284 2366 nunc
310 2306 435 2365 maxime
462 2308 612 2368 elaborare
639 2309 769 2382 cupiam,
795 2311 901 2369 ceteris
925 2311 1125 2384 opportuniori
1149 2310 1213 2371 loco

209 2383 377 2456 reservatis,
397 2399 472 2456 quae
492 2384 530 2443 ad
550 2390 715 2445 accuratam
734 2386 868 2445 notitiam
887 2385 1104 2447 Homericorum
1124 2388 1213 2446 inter·

208 2461 324 2535 protum
344 2461 520 2534 pertineant.

350 2724 425 2779 iersii
443 2725 520 2780 Obss.
1165 2727 1212 2790 μέ-

558 2725 631 2781 hilol.
650 2742 677 2794 p.
695 2730 737 2782 36.
774 2727 897 2781 Fuerunt
915 2725 1012 2780 inillis
1030 2725 1125 2795 glossis

205 2812 299 2858 ρωτις,
319 2740 475 2865 oglolorar,
493 2742 566 2863 μῆῆι
585 2794 700 2917 aliaque,
719 2794 802 2848 etiam
820 2794 964 2860 δαιτυμὼν,
990 2796 1018 2848 in
1036 2811 1089 2864 quo
1108 2766 1212 2849 lahora-

206 2862 302 2917 hamus
320 2861 389 2942 Gap.
405 2860 490 2916 XXX.
526 2862 579 2929 Qui
596 2863 649 2918 Phi
659 2869 731 2918 etam
749 2863 835 2918 secuti
852 2867 915 2916 sunt
932 2862 960 2925 in
977 2863 1029 2919 hoc
1066 2879 1156 2933 onere,
1173 2863 1212 2918 in·

208 2741 250 2795 oo·
267 2725 331 2793 xop

207 2931 281 2988 docti
297 2930 421 2999 plerique
440 2937 468 2984 et
484 2929 579 3000 inepti,
597 2937 726 2987 notantur
743 2930 854 3000 saepius
868 2930 1027 2987 inScholiis.
1083 2948 1160 2987 erum
1177 2932 1213 2988 ad

207 2999 257 3055 hos
273 2998 407 3054 redeundi
424 2997 495 3053 inira
513 3000 565 3054 erit
583 2999 664 3055 locus.

275 3085 313 3152 ⁶⁸)
330 3082 464 3139 Videlicet
482 3084 510 3138 in
529 3084 690 3165 antiquitate
708 3086 828 3141 versanti
846 3085 1019 3155 cogitandum
1038 3102 1146 3168 semper
1163 3093 1212 3155 cst,

206 3151 280 3210 illam
298 3152 418 3209 caruisse
435 3153 468 3207 iis
486 3152 611 3209 subsidiis
634 3154 747 3210 notitiae
766 3154 927 3223 litterariae,
954 3170 1024 3225 quae
1044 3155 1122 3210 nobrs
1145 3155 1213 3211 haec

207 3220 340 3278 bonarum
371 3222 471 3276 artium
497 3221 607 3290 pubhca
635 3223 683 3277 lux
707 3228 735 3277 et
758 3230 911 3277 mercatura
932 3229 1020 3292 parat.
1059 3223 1212 3291 Eustathio,

209 3288 390 3362 llapsassoldc
408 3305 470 3344 suas
488 3290 630 3370 scripturo,
657 3291 742 3357 rideri
761 3297 909 3360 potuerunt
926 3293 1029 3360 optima
1046 3307 1168 3361 quaeque
1185 3297 1213 3347 et

208 3358 265 3414 anti
284 3357 512 3413 nissimadcholia
528 3374 557 3412 m
574 3364 702 3428 promptu
720 3374 788 3428 esse,
806 3359 869 3414 dum
886 3359 1039 3429 antiquiora
1056 3367 1084 3415 et
1101 3361 1213 3416 meliora

209 3425 266 3482 cod.
305 3424 379 3482 eneti
396 3426 518 3482 latebant
536 3426 627 3481 forsan
644 3427 673 3481 in
690 3427 788 3483 vicinia
801 3429 859 3482 eius
896 3427 1028 3497 Indagare
1047 3429 1130 3498 igitur
1140 3428 1212 3498 licet,

209 3511 261 3564 quo
274 3495 390 3566 ,sacculo
408 3494 476 3549 liber
494 3494 589 3575 aliquis
607 3500 729 3550 veterum
748 3495 904 3551 desieritis
921 3496 1133 3565 manibus'vulgi
1145 3511 1212 3563 esse,

208 3578 270 3630 non,
296 3578 352 3633 quo
370 3563 570 3632 essedesiemt3
593 3569 621 3617 et
639 3570 670 3618 ut
688 3565 748 3633 quis
768 3581 801 3618 ue
819 3565 934 3633 scriptor
949 3565 1082 3619 vetustior
1099 3568 1151 3632 est,
1179 3579 1212 3619 eo

209 3631 316 3688 facilius
335 3630 361 3686 ei
377 3630 418 3700 id,
443 3630 515 3702 quod
532 3631 566 3686 de
584 3631 729 3690 Eustuthio
748 3582 883 3701 dicebam,
908 3633 1036 3688 accidisse
1062 3631 1213 3700 putandum

209 3706 257 3754 est.
293 3699 376 3754 Leria
393 3700 555 3768 inspeciem
573 3713 617 3754 res
635 3707 684 3771 est,
702 3702 751 3756 sed
768 3703 844 3757 cuius
863 3701 925 3756 olim
942 3700 1096 3769 magnario
1114 3698 1165 3754 fuit
1177 3700 1213 3756 ad

209 3767 298 3838 ipsam
316 3767 448 3824 rationem
465 3769 668 3824 tractandarum
687 3770 845 3825 litterarum.
