3034 4434
537 632 545 649 υ
652 548 830 602 -11-

702 694 766 768 Vl.

286 850 347 910 Sed
367 865 557 922 nequaquam
578 866 624 908 me
643 851 775 923 poenitet
793 850 879 908 huius
893 850 991 921 studii,
1013 850 1089 923 qnod
1103 867 1157 924 per
1169 850 1244 910 hane

231 929 415 987 occasionem
429 927 461 984 in
471 928 647 986 tractatione
658 931 788 985 veterum
800 927 1059 987 Grammaticorum
1070 929 1243 1002 consumpsi.

232 1004 320 1064 Immo
341 1008 458 1062 tantum
480 1020 514 1063 eo
535 1020 581 1061 me
602 1003 733 1062 adiutum
747 1005 850 1075 sentio,
872 1019 929 1063 non
942 1004 1028 1064 modo
1042 1004 1148 1064 adhoc
1161 1022 1243 1079 opus,

233 1081 284 1139 sed
304 1081 344 1140 ad
365 1096 481 1140 omnem
502 1078 670 1139 facultatem
690 1081 807 1153 linguae
822 1081 962 1153 Graecae,
983 1082 1126 1140 neminem
1146 1086 1179 1139 ut
1198 1099 1244 1141 ar·

233 1158 325 1217 bitrer
346 1158 377 1216 in
397 1157 458 1216 ullo
480 1156 593 1216 Graeco
614 1158 756 1230 scriptore
777 1156 890 1217 edendo
910 1155 1051 1231 proficere
1071 1175 1167 1231 posse,
1188 1159 1244 1218 nisi
1273 1211 1278 1219 .

234 1235 320 1293 simili
342 1250 431 1292 eursu
449 1234 582 1293 lectionis
603 1240 762 1307 praecepta
782 1235 895 1293 illorum
918 1235 1077 1308 collegerit,
1099 1241 1129 1294 et
1142 1235 1180 1293 ad
1193 1253 1244 1309 op·

235 1313 319 1371 umas
339 1311 471 1370 rationes
493 1311 709 1370 examinaverit.
749 1311 852 1382 Neque
872 1311 902 1368 id
923 1313 1075 1383 molestum
1095 1313 1244 1384 negotium

236 1394 280 1447 cst
302 1389 344 1460 ei,
365 1388 415 1460 qui
435 1387 570 1446 assiduus
591 1394 621 1446 et
641 1388 731 1446 alacri
751 1390 846 1446 animo
867 1388 986 1448 idoneas
1006 1390 1050 1446 rei
1070 1389 1156 1448 horas
1181 1405 1243 1448 car·

235 1481 306 1540 pere
333 1465 489 1524 consuerit.
532 1465 625 1524 Credo
651 1481 720 1523 sane
745 1463 859 1523 facilius
887 1481 960 1538 esse,
985 1465 1243 1525 Grammaticorum

235 1542 373 1601 minutias
393 1541 546 1614 ridentem,
568 1542 604 1600 de
624 1541 771 1601 Homerici
792 1543 901 1600 saeculi
919 1542 1055 1601 barbarie
1077 1546 1107 1600 et
1125 1543 1243 1603 horrido

236 1620 295 1678 sive
325 1617 440 1677 erudito
468 1619 547 1676 cultu
576 1619 727 1690 sermome,
758 1618 795 1676 de
822 1617 947 1677 fabulari
971 1619 1094 1678 historia
1119 1625 1149 1677 et
1174 1620 1244 1678 insi·

236 1696 349 1770 pientia
373 1694 515 1768 mythice,
541 1696 587 1754 vel
611 1695 649 1754 de
675 1696 750 1768 epici
773 1696 914 1754 Carminis
939 1695 1094 1754 virtutibus
1122 1711 1157 1753 ex
1176 1695 1243 1753 Ari-

236 1772 353 1833 stotelis
386 1773 513 1831 decretis
541 1772 713 1846 philosopho
746 1772 891 1832 molimine
924 1773 1083 1846 disputare.
1131 1773 1243 1845 Nempe

237 1849 339 1909 taedet
358 1849 388 1906 in
408 1850 466 1907 ista
486 1850 611 1909 lectione
632 1849 732 1908 doctos
751 1849 932 1909 indoctarum
953 1847 1133 1921 quarundam
1148 1853 1178 1906 et
1191 1849 1243 1906 mi·

236 1932 373 1985 nutarum
394 1926 581 1999 argutiarum.
622 1926 661 1984 At
681 1926 805 1999 primum
825 1927 968 1985 modestia
987 1931 1068 1986 vetat
1080 1926 1168 1984 ullam
1181 1941 1243 1983 rem

236 2010 432 2075 contemnere,
445 2004 614 2076 priusquam
629 2020 692 2061 eam
706 2003 798 2076 probe
812 2005 990 2076 cognoveris.
1025 2003 1073 2075 Et,
1087 2019 1124 2061 ne
1140 2003 1242 2075 dicam,

237 2097 324 2154 quam
344 2081 437 2138 multa
457 2081 500 2138 illi
519 2081 600 2139 nobis
622 2081 676 2138 soli
696 2097 732 2138 ex
752 2084 868 2138 vetusta
892 2082 1030 2140 memoria
1056 2081 1242 2152 servaverint,

236 2157 326 2216 iidem
347 2158 476 2230 argutuli
497 2173 585 2230 saepe
606 2158 692 2215 etiam
714 2173 827 2215 sensum
849 2158 1001 2217 verborum
1021 2159 1130 2231 optime
1158 2173 1244 2230 expe·
1257 2176 1282 2216 ao

237 2235 335 2306 diunt,
363 2234 471 2307 quippe
498 2227 585 2306 quos*
595 2251 663 2292 usus
683 2235 800 2306 linguae
825 2235 952 2294 nondum
977 2235 1093 2308 penitus
1120 2234 1243 2294 amissus

237 2316 317 2371 tutos
336 2311 511 2386 praestabat
530 2327 548 2369 a
567 2312 697 2384 pluribus
719 2311 881 2383 erroribus,
909 2326 987 2384 quos*
999 2312 1087 2370 hodie
1106 2312 1181 2370 male
1202 2317 1244 2370 te·

237 2389 331 2462 gimm
363 2404 455 2446 novae
485 2389 734 2462 interpretationis
772 2388 894 2446 deliciis.
944 2389 978 2446 In
1003 2388 1130 2448 Homero
1157 2404 1244 2461 porro

239 2464 397 2537 singularis
417 2464 573 2524 oblectatio
595 2465 736 2536 quaedam
757 2471 788 2523 et
807 2465 934 2537 dignitas
960 2465 1037 2524 illius
1064 2480 1172 2536 operae
1198 2480 1275 2522 ac.

238 2542 317 2602 cedit
339 2558 375 2600 ex
396 2557 444 2613 co,
472 2541 548 2612 quod
572 2543 716 2600 variarum
737 2543 893 2601 lectionum
914 2546 944 2599 et
968 2557 1108 2600 canonum
1136 2540 1245 2598 techni·

239 2635 347 2692 corum,
371 2635 443 2690 quos
463 2618 530 2677 libri
551 2619 731 2691 grammatici
751 2624 782 2677 et
802 2619 917 2677 Scholia
930 2617 1082 2692 praebent,
1103 2616 1245 2688 conquisi-

238 2696 319 2755 tione
342 2701 516 2763 etcensura
535 2696 565 2754 in
584 2701 667 2755 vetus
687 2701 718 2754 et
737 2696 883 2770 plerisque
903 2695 1030 2767 antiquis
1055 2692 1245 2766 scriptoribus

238 2771 387 2844 antiquius
413 2788 516 2830 aevum
542 2789 576 2832 ac
602 2774 684 2844 quasi
704 2774 734 2830 in
755 2773 925 2832 societatem
951 2788 1086 2832 vocamur
1114 2770 1245 2831 doctissi-

238 2866 350 2909 morum
366 2849 549 2921 criticorum,
570 2866 690 2921 quorum
711 2850 819 2907 iudicia
840 2856 870 2908 et
889 2850 1121 2923 praeceptiones,
1141 2847 1244 2920 quibus

238 2927 307 2986 olim
339 2925 502 2998 Ciceronis,
530 2927 659 2999 Virgilii,
686 2926 802 2986 Horatii
835 2927 1034 2986 adolescentia
1066 2926 1200 2985 alebatur
1211 2924 1245 2997 1),

239 3003 370 3075 quamvis
392 3002 429 3062 de
450 3002 576 3075 Graeca,
599 3003 629 3061 id
650 3008 696 3062 est
714 3004 811 3076 patria
830 3004 972 3077 ipsorum,
992 3004 1093 3075 lingua
1112 3002 1245 3075 scriptas,

240 3097 290 3139 nos
310 3079 431 3140 barbari
455 3075 609 3157 ὀψιμαθεῖς
627 3080 737 3154 passim
762 3096 818 3139 non
844 3080 969 3140 absurde
989 3079 1133 3152 refingere
1159 3095 1246 3152 posse

234 3156 399 3216 videamur.
444 3156 543 3215 Talem
568 3157 761 3217 conditionem
787 3158 881 3216 critici
906 3157 1047 3229 muneris,
1077 3156 1173 3214 nullus
1201 3161 1247 3215 est

242 3235 366 3308 scriptor
387 3239 439 3292 aut
458 3239 546 3306 poeta
565 3235 755 3307 antiquitatis,
776 3234 825 3306 qui
844 3235 966 3307 perinde
987 3239 1073 3306 atque
1087 3234 1134 3292 hic
1147 3237 1247 3291 noster

190 3312 191 3317 ’
242 3310 351 3370 offerat.
395 3311 488 3382 Quum
508 3327 577 3371 vero
596 3311 721 3384 plurima
741 3328 777 3370 ex
789 3312 904 3370 illorum
921 3311 1092 3371 Griticorum
1106 3326 1246 3369 commen·

244 3388 344 3460 tariis,
366 3393 505 3458 tanquam
530 3403 584 3460 per
607 3405 708 3447 manus
734 3389 860 3456 tradita,
886 3388 945 3447 alia
970 3389 1000 3445 in
1025 3388 1098 3446 alias
1124 3391 1246 3458 aetates,

244 3463 438 3523 vetustissima
456 3465 562 3538 partim
581 3465 612 3523 in
631 3465 816 3539 novissimas,
837 3466 1021 3536 devenerint,
1043 3479 1141 3523 omnes
1162 3463 1246 3521 istius

321 3629 347 3703 ¹)
366 3639 429 3695 Non
447 3640 586 3694 ambitiose
603 3640 656 3696 hoc
674 3641 734 3708 dici,
752 3641 844 3710 plures
856 3639 909 3694 loci
922 3640 1068 3703 ciceronis,
1087 3639 1205 3694 Senecm
1218 3643 1246 3690 et
1332 3636 1336 3644 '

245 3709 356 3764 afiorum
374 3709 480 3776 docent,
496 3715 577 3778 atquc
596 3709 681 3763 omnis
698 3709 769 3765 ratio
787 3709 977 3779 grammaticae
994 3714 1024 3762 et
1040 3706 1160 3762 liberalis
1171 3705 1246 3759 insti-

245 3779 355 3835 tutionis
373 3776 446 3846 apud
463 3777 606 3834 Romanos.
