3034 4434
721 548 899 603 —114-

311 713 425 770 quoque
449 713 497 755 res
527 695 637 755 habeat
660 696 734 755 hanc
758 696 834 770 vim,
863 702 898 755 ut
926 697 989 756 iure
1015 698 1179 772 suspicetur
1204 699 1319 771 aliquis,

310 776 396 848 plura
415 773 580 832 istiusmodi
600 772 766 832 rudimenta
785 774 904 833 critices
925 774 1079 834 admodum
1091 780 1206 834 mature
1219 777 1319 836 obscu-

311 857 377 911 rata
401 848 501 908 luisse.
545 850 589 909 Ac
621 851 647 908 si
671 851 767 909 omnia
794 852 1058 925 pervestigaveris,
1082 849 1205 912 forsitan
1233 855 1321 913 etiam

311 927 384 986 alios
404 927 534 985 invenias
556 926 759 987 emendatores
780 928 916 1000 Homeri,
945 929 994 1000 qui
1012 929 1161 989 Zenodoto
1181 930 1322 990 haditum

260 1021 332 1063 raca
351 1003 441 1063 Suida
460 1004 654 1077 principatum
681 1010 813 1077 ereptum
841 1011 918 1064 eant.
957 1005 1095 1064 Attamen
1118 1007 1176 1066 huc
1203 1008 1321 1067 trahere

312 1081 400 1139 nolim
412 1081 537 1139 Nessum
551 1081 663 1148 Chium,
675 1080 837 1140 Democriti
849 1082 1031 1155 discipulum,
1045 1083 1098 1142 sub
1111 1084 1193 1142 cuius
1206 1086 1321 1143 nomine

312 1174 370 1217 una
390 1157 554 1218 observatio
574 1156 668 1216 fertur
687 1159 771 1217 inre
791 1159 973 1231 metrica⁵1);
996 1165 1047 1218 aut
1065 1158 1284 1233 Aeschrionem,
1303 1179 1321 1220 a

313 1251 369 1307 quo
389 1252 477 1292 unum
496 1235 652 1294 rectiorem
673 1241 826 1294 accentum
846 1235 1069 1309 accepimus⁵⁹);
1092 1243 1145 1296 aut
1163 1237 1321 1310 Lysaniam

314 1311 505 1385 Cyrenaeum,
534 1314 564 1369 in
585 1312 708 1372 Scholiis
729 1312 774 1371 bis
795 1312 960 1385 laudatum,
980 1314 1051 1372 licet
1068 1315 1112 1386 is,
1139 1331 1229 1386 quum
1250 1316 1320 1374 alius

314 1387 479 1462 Cyrenaeus
499 1389 550 1448 illo
570 1390 686 1448 nomine
706 1390 804 1447 nullus
824 1396 910 1449 notus
931 1391 970 1448 sit
990 1407 1068 1464 sane,
1082 1408 1136 1465 pro
1148 1392 1321 1452 Eratosthe-

315 1467 360 1525 nis
380 1467 520 1538 magistro
545 1466 697 1525 habendus
723 1466 916 1539 ddcatm⁵³);
942 1468 1091 1539 multoque
1118 1469 1213 1526 minus
1239 1468 1320 1528 Tele·

262 1560 299 1598 rev
314 1544 409 1617 phum,
432 1543 485 1602 Goi
503 1543 638 1602 Philetas
657 1541 824 1617 patrem54),
847 1550 878 1603 et
898 1545 980 1616 alios,
1001 1544 1105 1616 quibus
1125 1562 1162 1602 11
1176 1550 1259 1604 recte
1273 1547 1321 1605 tri-

312 1620 419 1680 buatur
439 1619 629 1679 Grammatici
648 1637 761 1692 munus,
781 1620 870 1680 hodie
890 1638 948 1680 non
968 1622 1040 1679 satis
1059 1622 1160 1694 liquet.
1201 1622 1262 1681 Sed
1281 1625 1320 1696 ip

313 1715 384 1770 sum,
405 1713 491 1769 quem
510 1697 581 1766 dixi,
603 1698 757 1770 Philotam,
778 1698 954 1770 magistrum
973 1698 1123 1771 Zenodoti,
1148 1715 1186 1757 ex
1204 1701 1321 1773 optimis

312 1775 406 1848 poetis
427 1774 580 1846 elegiacis,
606 1775 706 1847 paullo
732 1781 801 1847 post
830 1775 1018 1834 Aristotelem
1042 1775 1152 1848 aliquid
1176 1775 1215 1835 ad
1236 1777 1322 1836 corri-

313 1851 438 1924 gendum
456 1851 618 1910 Homerum
644 1852 817 1922 contulisse,
844 1869 860 1910 e
883 1852 976 1911 tribus
1000 1853 1071 1912 locis
1097 1853 1321 1926 intelligiturllt.

381 1994 473 2062 51)111
491 2014 506 2047 ι.
524 1996 583 2049 378.
602 1993 631 2048 11
653 1995 784 2050 vocabulo
802 1996 894 2066 καρός,
912 2001 943 2050 11
961 1994 1015 2050 iam
1032 1995 1174 2050 Ruhnken.
1194 1995 1223 2049 in
1235 1995 1321 2050 Praei.

313 2062 481 2199 {gpgesych
504 2078 530 2130 p.
550 2061 610 2115 VII.
633 2060 741 2132 docuit,
769 2065 863 2132 primis
887 2064 977 2119 statim
1004 2063 1171 2132 temporibus
1187 2065 1264 2118 varie
1281 2080 1321 2118 ac-

381 2216 417 2282 52)
434 2215 504 2270 Nam
521 2216 712 2270 Aeschriones
734 2216 827 2285 plures
851 2216 960 2271 bierunt
984 2216 1058 2273 clari.
1092 2217 1124 2270 V.
1143 2217 1228 2273 Ionsii
1245 2218 1279 2272 de
1297 2215 1322 2271 S.

313 2286 348 2339 H.
366 2286 395 2339 P.
414 2285 449 2338 Π.
469 2302 496 2352 p.
517 2287 565 2339 147
570 2325 576 2338 .
619 2284 715 2352 Neque
740 2284 831 2338 doceri
853 2291 956 2353 potest,
974 2285 1066 2353 illum,
1090 2287 1137 2354 qui
1155 2303 1172 2338 a
1189 2286 1278 2340 Schol.
1296 2292 1323 2338 et

313 2354 390 2410 Eust.
409 2353 444 2407 ad
461 2354 484 2406 1.
497 2358 557 2408 239.
578 2353 721 2421 laudatur,
739 2353 935 2422 Mitylenaeum
954 2369 1020 2422 esse,
1038 2354 1152 2408 amicum
1170 2353 1323 2410 Aristotelis

314 2433 341 2478 ot
358 2428 463 2492 patrem
481 2423 621 2491 Lysaniae
645 2423 716 2489 eius,
740 2421 774 2475 de
793 2437 846 2489 quo
864 2438 934 2477 mox.
971 2421 1046 2476 Illius
1065 2422 1227 2491 scripturam
1243 2423 1325 2490 1ῑς,1

314 2491 451 2548 Brunckio
469 2491 548 2545 Anal.
563 2491 617 2544 111.
638 2506 664 2557 p.
679 2493 721 2545 85.
738 2491 834 2544 merito
851 2491 1001 2558 praelatam
1018 2492 1143 2559 vulgatae
1161 2491 1208 2560 λίς,
1226 2492 1254 2546 in
1272 2507 1324 2545 uno

313 2565 365 2616 isto
383 2561 515 2614 locutam
534 2559 583 2613 diu
604 2557 709 2626 fugisse
729 2558 864 2627 editores,
887 2574 951 2613 sane
992 2576 1055 2613 uam
1072 2559 1169 2613 mirum
1187 2565 1238 2614 est.
1273 2558 1325 2614 Sed

312 2631 404 2709 plures
426 2629 454 2682 in
477 2629 597 2682 Homero
632 2633 694 2681 sunt
718 2634 774 2681 tam
800 2627 927 2695 antiquae
950 2576 994 2681 veq
1015 2628 1044 2681 in
1067 2627 1210 2682 levissimis
1227 2628 1325 2683 discre-

313 2706 432 2766 pantrae.

383 2784 418 2850 ⁵³)
436 2781 511 2836 (1111.
529 2782 604 2835 Ions.
622 2782 638 2835 1.
658 2797 680 2834 c.
708 2779 807 2834 Scholl.
834 2780 980 2837 111378.
1000 2800 1026 2834 π.
1047 2785 1107 2836 558.
1131 2779 1223 2851 ibique
1246 2783 1324 2838 Eust.

315 2850 634 2973 pbgffiffilguanquam
660 2849 696 2904 ad
721 2850 839 2917 priorem
867 2854 972 2903 tantum
993 2865 1100 2904 versum
1122 2851 1247 2920 apatria
1265 2867 1324 2920 cog·

384 3007 420 3070 54)
437 3005 516 3058 (lerte
537 3019 607 3071 quae
631 3001 666 3058 ad
685 3004 708 3056 1.
722 3007 778 3059 133,
798 3009 826 3056 et
837 3022 860 3056 κ.
874 3007 933 3059 545.
945 3003 1080 3072 leguntur,
1099 3005 1224 3073 equidem
1234 3006 1325 3086 potius

315 3073 481 3141 Pergameno
500 3072 540 3125 illi
559 3072 748 3126 Grammatico
766 3072 968 3140 assignaverim,
987 3073 1033 3139 qui
1049 3073 1152 3127 Romae
1170 3073 1263 3128 docuit
1299 3082 1325 3129 et

316 3157 396 3208 quem
422 3141 529 3195 Fabric.
554 3157 581 3208 p.
602 3144 667 3195 525.
691 3141 725 3193 ab
748 3141 795 3195 illo
820 3139 888 3194 bene
912 3140 1041 3194 distinxit.
1076 3141 1149 3208 Nec,
1179 3158 1233 3211 quo
1247 3114 1325 3198 ,illud

316 3209 403 3265 Schol.
422 3208 457 3262 ad
475 3228 501 3262 1.
519 3212 579 3262 420.
600 3208 722 3277 referas,
746 3208 826 3263 facile
845 3208 953 3264 dixeris.
986 3209 1135 3264 Dissentire
1153 3210 1198 3264 hic
1216 3217 1244 3265 et
1262 3211 1325 3269 alibi

315 3278 406 3333 licebit
429 3277 564 3332 interdum
590 3277 684 3331 aviro
716 3276 885 3344 doctissimo,
913 3278 1021 3345 quicum
1049 3278 1115 3331 mihi
1141 3280 1269 3333 convenit
1293 3281 1324 3334 de

316 3346 401 3400 multo
420 3345 589 3414 gravioribus
606 3345 694 3398 rebus.

386 3433 421 3502 ⁵⁵)
439 3429 470 3485 B.
488 3435 547 3487 269.
566 3451 595 3498 φ.
621 3434 677 3485 126.
698 3433 757 3484 252.
795 3429 834 3484 cf.
855 3429 952 3485 Scholl.
972 3430 1007 3484 ad
1025 3433 1047 3491 ζ.
1065 3436 1124 3487 459,
1163 3437 1242 3489 .308.
1262 3433 1324 3488 Ρ11-

317 3501 394 3571 phyr.
414 3501 490 3567 111
516 3505 540 3554 8.
561 3506 632 3554 extr.
651 3499 728 3552 Eust.
747 3513 775 3566 p.
796 3502 870 3553 1235.
905 3499 943 3552 At
960 3499 1027 3553 nihil
1045 3501 1143 3555 attinet
1161 3501 1324 3568 ¹ustathiunr

318 3571 429 3640 eiusque
455 3569 555 3623 similes
579 3568 733 3634 nominare,
759 3565 806 3619 ubi
824 3567 912 3620 fontes
929 3573 1025 3635 patent
1042 3569 1071 3622 in
1088 3569 1210 3627 Scholiis.
1246 3571 1323 3638 Ipsae

318 3639 518 3694 emendationes
536 3638 578 3692 vel
598 3633 842 3690 animadversiones
860 3635 931 3689 illius
944 3635 1036 3690 Critici
1054 3636 1164 3691 salivam
1182 3638 1261 3693 nobis
1273 3655 1323 3692 non

318 3716 434 3763 movent.
469 3706 561 3761 Prima
583 3705 663 3774 longe
685 3702 852 3771 ineptissima
873 3711 928 3771 cst,
953 3721 1003 3759 uec
1026 3705 1095 3760 duae
1117 3706 1222 3761 alterae
1247 3705 1322 3762 valde

216 3776 257 3924 ι
319 3775 415 3844 dignae
433 3785 496 3830 sunt
513 3775 608 3830 relatu.
