3034 4434
250 483 381 555 dedisse;
402 485 481 543 onius
502 485 546 542 rei
565 485 696 544 recensio
716 485 837 545 Homeri
851 503 869 545 a
883 485 987 546 Wolfio
1009 487 1080 546 editi
1100 489 1130 545 in
1151 487 1248 562 Epho-

250 594 408 655 meridibns
428 595 617 669 Jenensibus,
643 596 786 669 praefatio
812 597 849 656 ad
870 599 979 658 scholia
999 599 1118 658 Homeri
1140 607 1170 658 et
1189 608 1249 659 stu-

249 709 297 769 dia
329 710 497 783 Homerica,
531 727 605 782 quae
636 713 666 769 in
698 711 857 772 Academia
888 711 1070 771 Berolinensi
1103 713 1249 784 praelegit

248 824 412 883 testimonia
431 823 586 896 praebent,
615 823 717 905 quibus
738 840 814 883 nunc
832 822 975 883 accedunt
995 823 1197 882 annotationes
1218 825 1248 880 in

247 936 459 1008 prolegomena.

323 1045 452 1106 Bekkeri
478 1051 561 1107 notas
580 1046 635 1106 hoc
655 1047 737 1118 signo
757 1047 953 1118 notavimns[
992 1050 1014 1119 ].
1054 1047 1151 1120 lpsum
1171 1044 1247 1104 Bek-

246 1159 310 1219 keri
330 1160 477 1233 exemplar
496 1159 691 1219 bibliothecae
710 1157 916 1218 Universitatis
936 1156 1133 1217 Berolinensis
1155 1157 1247 1216 tradi-

250 1272 352 1332 dimus.

324 1385 472 1445 Secundae
493 1402 578 1458 quam
598 1403 673 1445 nunc
695 1385 803 1459 publici
819 1384 895 1457 juris
916 1383 1035 1443 iacimus
1057 1382 1176 1442 editioni
1197 1383 1248 1441 ad-

247 1497 340 1556 dimus
376 1514 450 1572 quae
474 1497 599 1558 nondum
627 1498 706 1557 edita
728 1503 795 1557 sunt
820 1498 913 1572 partis
938 1495 1082 1555 secundae
1110 1495 1247 1554 disserta·

247 1609 332 1668 tionis
353 1607 513 1669 Wolfianae
533 1607 696 1682 fragmenta
717 1626 752 1668 ex
773 1609 876 1682 quibus
897 1613 1034 1681 apparet,
1060 1605 1196 1664 Wolfium
1217 1607 1246 1664 in

247 1721 340 1779 animo
374 1719 510 1779 habuisse
545 1719 739 1792 disquisitioni
772 1719 927 1779 historicae
964 1718 1097 1776 criticam
1128 1716 1246 1776 addere.

245 1830 329 1890 Duae
349 1836 465 1892 exstant
483 1833 568 1906 hru'us
589 1834 681 1908 partis
701 1833 885 1892 recensiones
906 1847 1026 1902 quarum
1048 1830 1141 1888 altera
1161 1828 1247 1888 docet

247 1941 316 2015 quid
336 1942 471 2004 utilitatis
492 1945 530 2004 ad
543 1945 663 2005 Homeri
683 1945 810 2018 baguam
820 1942 1010 2014 judicandam
1025 1957 1060 2000 ex
1074 1941 1246 2001 Scholiasta-

245 2071 309 2113 rum
329 2058 542 2117 commentariis
564 2057 628 2131 capi
648 2056 748 2130 possit,
770 2057 863 2116 altera
885 2070 959 2128 qnae
981 2053 1138 2113 similitudo
1158 2053 1246 2111 intor-

246 2165 331 2227 cedat
351 2169 427 2227 inter
446 2169 607 2229 Bibliorum
627 2173 658 2228 et
678 2169 837 2229 cuminum
857 2167 977 2229 Homeri
996 2166 1155 2226 historiam.

322 2280 461 2340 Neutrius
476 2280 679 2355 disputationis
695 2278 788 2341 forma
803 2284 867 2339 erat
880 2279 1028 2347 absoluta3
1048 2275 1190 2335 nonnullis
1204 2275 1246 2332 lo·

246 2391 290 2449 cis
311 2391 386 2450 enim
407 2390 622 2451 emendationes
638 2396 720 2449 erant
737 2391 902 2461 adscriptae
923 2403 1003 2458 quas,
1014 2402 1050 2443 ne
1064 2386 1195 2457 legentes
1209 2387 1245 2442 iis

245 2500 455 2573 mandaremus,
486 2517 583 2560 omnes
610 2502 639 2556 in
671 2500 746 2558 notis
772 2498 864 2556 textui
888 2496 1071 2567 subjecimus.
1121 2495 1245 2569 Operam

155 2604 163 2619 '
245 2611 377 2670 dommus
404 2616 436 2669 ut
460 2610 564 2670 librum
584 2607 801 2683 typothetarum
829 2607 940 2666 mendis
961 2624 1046 2679 quam
1066 2607 1245 2665 liberrimum

246 2722 440 2782 studiosorum
459 2721 589 2780 manibus
610 2720 799 2779 traderemus.
