3034 4434
283 368 392 443 optime
410 367 590 436 conveniret;
610 365 740 425 videmus
759 363 899 423 multaab
914 380 949 425 eo
963 365 1078 425 erudite
1090 369 1121 423 ot
1134 365 1281 438 sagaciter

284 444 501 505 animadvmsa:
519 442 572 502 scd
591 442 668 514 quod
687 442 780 516 primo
793 441 857 501 loco
870 441 1067 514 quaerendum
1080 446 1135 514 est,
1155 441 1227 514 quid
1239 442 1294 503 illc

231 521 270 564 ¹⁴1
283 522 314 581 in
332 537 471 581 summam
485 519 649 579 (lormiuum
667 520 734 580 novi
753 517 909 592 induxerit,
922 535 980 592 qua
992 518 1134 592 religione
1148 519 1287 591 antiquos

282 598 371 658 libros
386 597 553 670 excusserit,
573 596 716 669 quomodo
729 612 798 655 usus
812 596 852 654 sit
863 596 1013 669 Zenodoti,
1032 595 1239 670 Aristophanis
1253 601 1284 655 et

283 681 454 748 ceterorum,
468 690 539 746 quos
554 690 642 746 supra
651 673 805 741 nominavi,
818 674 1034 732 recessionibus
1039 671 1092 744 ²⁸),
1105 673 1180 732 haec
1191 673 1290 732 etalia

283 753 369 810 certis
390 758 441 812 aut
459 750 656 826 probahilibus
677 751 855 824 argumentis
874 751 961 809 hodie
981 751 1107 824 perspici
1126 755 1283 821 nequeunt.

282 829 398 889 Etenim
418 846 454 888 eu
473 846 529 901 quo
548 828 737 886 Aristarchea
757 825 918 903 ἀνάγνωσις
936 826 1016 888 iacta
1036 833 1100 886 erat
1113 825 1285 904 παράδοσις,

283 909 407 977 (culpata
428 909 512 978 ίσοιίο,
532 909 658 976 culpator
677 914 764 960 tector
784 903 842 962 dici
861 905 944 977 solet,
966 910 996 964 et
1015 905 1086 964 satis
1110 903 1284 976 commode)

283 982 314 1041 id
333 983 410 1055 quod
423 989 536 1041 mature
548 979 656 1040 iactum
668 981 784 1041 videtur
789 979 836 1053 ²⁷),
857 981 896 1040 ad
908 982 989 1040 illam
1001 981 1184 1055 potissimum
1194 996 1287 1040 novae

283 1059 499 1119 emendationes
511 1065 541 1118 ct
553 1059 716 1118 notationes
722 1073 852 1118 annexae
858 1064 889 1117 et
894 1060 1069 1132 compositae
1080 1065 1157 1131 sunt,
1168 1057 1283 1118 omissis

231 1155 271 1199 aaa
282 1135 345 1196 fere
364 1138 464 1210 primis
484 1136 649 1195 auctoribus
669 1136 835 1207 lectionum,
856 1137 912 1193 uisi
931 1134 1006 1194 forte
1026 1136 1075 1194 ubi
1095 1136 1140 1193 illi
1158 1136 1239 1193 iuter
1251 1150 1285 1192 se

283 1213 478 1273 dissentirent.
511 1214 597 1285 Isque
620 1229 680 1271 mos
695 1218 827 1271 servatus
842 1219 887 1270 est
900 1229 919 1271 a
932 1212 1136 1272 Grammaticis
1149 1213 1280 1282 maxime,

282 1297 435 1365 postquam
450 1307 485 1349 ex
502 1290 627 1350 Cratetis
638 1306 672 1348 ac
684 1291 861 1362 reliquorum
874 1288 1037 1349 Aristarchi
1050 1289 1283 1348 adversariorum

283 1370 411 1427 censuris
433 1373 463 1427 et
482 1367 778 1426 animadversionibus
787 1368 896 1425 multae
907 1383 999 1426 novae
1009 1367 1055 1425 vel
1067 1383 1102 1424 ex
1112 1365 1284 1438 antiquiori·

283 1445 337 1504 bus
350 1451 503 1504 revocatae
517 1445 679 1517 scripturae
699 1445 729 1501 in
741 1454 840 1500 tectcm
853 1454 910 1499 tom
919 1448 1058 1515 οπίροιππ
1071 1444 1172 1502 illatae
1184 1447 1278 1512 erant;

286 1522 380 1581 donec
399 1537 473 1581 saec.
495 1522 547 1579 ΠΙ.
568 1527 618 1579 aut
637 1521 686 1579 IV.
707 1538 743 1579 ex
762 1521 865 1580 iisdem
883 1519 1020 1592 ioutibuS,
1041 1522 1135 1580 denuo
1155 1520 1288 1578 instituta

283 1598 489 1671 recognitione,
510 1597 618 1670 prodiit
639 1613 674 1656 ea
693 1602 818 1670 ποοσποίο,
839 1615 925 1670 quam
943 1614 998 1671 per
1010 1614 1118 1669 omues,
1139 1599 1191 1669 qui
1203 1594 1284 1656 nohis

284 1679 450 1747 supersunt,
476 1674 564 1732 libros
592 1674 715 1746 scriptos
747 1675 868 1733 similem
894 1676 924 1732 iu
949 1676 1065 1733 summis
1084 1675 1174 1733 rebus
1194 1680 1278 1746 atque

283 1753 368 1808 unius
389 1751 520 1822 exempli,
540 1754 616 1806 ίιοάίο
634 1754 773 1822 uolgatam
792 1768 971 1826 usurpamus.

362 1827 443 1898 Quae
462 1842 548 1897 quum
568 1829 611 1886 ita
631 1827 702 1900 sint,
730 1828 888 1887 cavendum
912 1830 995 1888 nobis
1016 1831 1087 1900 crit,
1114 1844 1151 1886 ne
1173 1835 1281 1886 temere

283 1903 440 1963 mediocria
457 1904 556 1977 multo,
577 1921 652 1977 quae
666 1921 702 1963 ex
714 1905 876 1964 Aristarchi
890 1911 972 1964 textu
985 1906 1154 1978 afferuntur,
1175 1919 1285 1979 pravae·

351 2189 386 2254 ²⁶)
404 2189 488 2245 Usum
507 2190 577 2244 enirn
596 2191 648 2244 illis
667 2205 724 2244 esse
742 2189 936 2256 Aristarchum,
955 2194 983 2240 et
999 2187 1059 2254 ipsa
1075 2201 1119 2240 res
1137 2192 1165 2240 et
1178 2186 1286 2240 Scholia

283 2259 382 2326 passim
401 2257 557 2327 significant.
593 2258 626 2312 In
644 2274 757 2328 quorum
775 2273 829 2311 uno
848 2264 876 2311 et
893 2257 978 2310 altero
997 2255 1110 2310 affertur
1127 2253 1231 2322 ahquid
1247 2253 1279 2308 de

283 2327 438 2381 Zenodotea
461 2326 576 2381 editione
601 2343 634 2380 ex
658 2326 840 2381 notationibus
857 2325 1021 2378 Aristarchi:
1047 2343 1068 2376 ν.
1086 2327 1145 2378 808.
1166 2323 1189 2382 ξ.
1211 2325 1282 2376 162.;

283 2394 347 2447 alibi
377 2395 483 2462 saepius
503 2397 526 2448 is
555 2396 653 2450 dicitur
681 2395 798 2463 aliquam
828 2409 863 2447 ex
892 2392 1087 2460 antiquioribus
1121 2390 1282 2472 lectionibus

283 2480 353 2608 m
376 2464 489 2584 νπί·
508 2465 666 2586 πται
686 2467 781 2585 tre
803 2466 960 2598 tuoe
976 2465 1120 2598 itm
1141 2460 1282 2582 rem

282 2597 408 2651 indentur
424 2605 537 2653 veteres

350 2683 388 2745 2⁷)
415 2685 475 2738 Huc
503 2690 625 2752 spectant
647 2684 730 2738 verba
751 2683 780 2736 iu
802 2682 928 2751 Scholiis,
951 2684 1066 2753 ἐπείσθη
1089 2685 1105 2753 ἡ
1129 2683 1283 2751 παράδοσις

285 2749 472 2822 Ἀριστάρχῳ,
496 2761 527 2805 ut
550 2754 572 2806 δ.
593 2757 648 2807 138.
677 2771 699 2804 ε.
717 2757 776 2808 289.
804 2772 828 2804 υ.
845 2753 921 2819 357.,
948 2752 992 2806 vel
1019 2751 1187 2820 ἐπείσθησαν
1207 2751 1279 2819 αὐτῷ

283 2819 308 2870 αἱ
326 2817 351 2871 Γ
346 2821 512 2888 ραμματικοὶ
517 2859 524 2884 ,
548 2841 574 2874 π.
592 2826 667 2889 415,
691 2822 734 2875 vel
759 2822 946 2890 ἐπεκράτησεν
972 2822 989 2890 ἡ
1013 2820 1166 2887 ἀνάγνωσις
1189 2821 1279 2883 αὐτοῦ,

284 2905 309 2939 α.
329 2889 385 2942 572.
418 2906 439 2938 ε.
458 2893 491 2944 69
530 2891 550 2948 ζ.
573 2893 628 2944 150.
655 2909 679 2959 η.
697 2894 757 2945 289.
781 2908 810 2970 χ.
831 2892 885 2957 67.,
909 2889 952 2942 vel
979 2888 1065 2948 οὕτως
1092 2888 1149 3009 ἔῆει
1175 2889 1211 2940 τὰ
1235 2891 1284 2955 τῆς

283 2955 471 3024 ἀναγνώσεως,
502 2957 525 3009 l.
544 2962 601 3011 651.
631 2961 660 3024 ψ.
679 2962 736 3013 387.
766 2960 791 3011 oi
817 2958 944 3025 Apollon.
970 2956 1003 3010 de
1021 2958 1094 3025 Syut.
1128 2957 1149 3010 Ι.
1177 2972 1204 3023 p.
1225 2959 1278 3010 158.

282 3025 333 3079 ΠΙ.
352 3040 377 3092 p.
387 3028 446 3078 222.
475 3025 642 3080 Contrarium
659 3043 770 3095 perraro
789 3031 905 3092 notatur,
924 3027 971 3078 οὐκ
990 3027 1106 3096 ἐπείσθη
1123 3029 1140 3097 ἡ
1158 3025 1281 3094 παράδο-

284 3113 333 3158 σις,
352 3098 383 3145 ut
401 3111 428 3161 φ,
450 3097 506 3147 162.
525 3114 554 3145 ω.
573 3098 631 3149 316.
650 3101 701 3150 etc.
731 3097 789 3148 Icrn
807 3094 869 3148 audi
886 3094 1018 3162 insignem
1035 3095 1123 3148 locum
1142 3093 1231 3162 Etym.
1243 3091 1280 3145 M.

283 3178 310 3229 p.
327 3166 387 3217 815.
424 3162 554 3231 Διαφέρει
575 3168 674 3232 χρῆσις
696 3164 891 3234 παραδόσεως·
913 3168 1013 3234 χρῆσις
1029 3163 1079 3227 μὲν
1097 3162 1152 3232 γὰρ
1170 3162 1280 3224 λέγεται

283 3232 301 3300 ἡ
319 3235 373 3282 τῶν
391 3232 512 3303 ἀρχαίων
531 3232 686 3300 ποιημάτων
704 3232 852 3300 μαρτυρία,
870 3233 1020 3301 παράδοσις
1038 3232 1068 3283 δέ
1086 3232 1103 3301 ἡ
1123 3237 1180 3283 τῶν
1193 3231 1219 3284 Γ
1234 3247 1279 3293 αμ-

282 3305 413 3363 ματακῶν·
441 3298 512 3364 οἷον,
539 3299 574 3350 τὰ
599 3300 650 3362 μὲν
671 3298 785 3369 Ὁμήρου
815 3301 935 3352 καλεῖται
949 3305 1062 3371 χρῆσις,
1089 3301 1124 3352 τὰ
1143 3300 1198 3351 δὲ’
1252 3316 1278 3348 ι-

285 3369 377 3438 στάρ
408 3388 445 3421 ον
481 3371 539 3420 τοῦ
573 3365 830 3437 Γραμματικοῦ,
866 3370 1064 3438 παράδοσις.
1109 3367 1147 3422 Et
1172 3317 1279 3437 quidoem

283 3437 348 3491 κατ’
366 3387 473 3508 &goffia
