3034 4434
626 555 804 610 -141—

290 703 407 762 Dicitur
420 703 606 762 Aristarchus
627 704 749 776 amplius
760 702 862 762 DCCC
877 704 1103 763 Commentarios
1122 720 1216 776 gram·

215 783 334 840 maticos
349 787 380 839 et
393 782 508 840 criticos
522 781 737 854 conscripsisse,
752 796 795 852 ac,
810 781 835 838 si
850 780 968 840 Suidam
981 787 1061 839 recte
1073 781 1215 855 intelligo,

214 859 284 916 nihil
311 857 391 916 aliud
416 873 501 928 quam
529 856 795 926 Commentarios8).
843 857 951 917 Verum
976 858 1033 930 illi,
1057 859 1086 916 in
1112 859 1214 929 quihus

216 936 345 1007 exemplo
357 936 556 1008 praeceptoris
566 936 610 993 sui
620 935 934 1008 praestantissimorum
943 941 1095 1008 poetarum
1107 943 1137 994 et
1145 935 1215 993 mul·
1227 939 1266 981 ²³⁰

215 1017 307 1070 tarum
323 1010 534 1070 Grammaticos
554 1013 679 1085 partium
702 1013 922 1085 explicationem
937 1018 967 1070 et
978 1029 1127 1070 censuram
1142 1029 1217 1071 com·

215 1089 314 1161 plexus
336 1094 408 1160 erat,
429 1090 486 1146 iam
507 1088 613 1146 dudum
634 1089 675 1146 ita
693 1090 851 1162 perierunt,
871 1095 903 1146 ut
916 1105 953 1147 ne
966 1087 1086 1147 formam
1100 1090 1216 1161 quidem

214 1167 299 1223 ullius
322 1182 431 1236 eorum,
451 1182 544 1236 neque
564 1182 599 1223 ex
609 1167 680 1239 ipsis
697 1165 923 1237 quaestionibus,
944 1182 1015 1237 quas
1030 1172 1215 1239 tractaverat,
1311 1239 1313 1241 g

216 1249 243 1301 et
263 1242 369 1315 quibus
391 1243 477 1299 etiam
497 1259 572 1300 nune
592 1258 697 1314 magna
716 1259 785 1315 pars
805 1243 989 1301 litteraturae
1003 1244 1113 1315 nititur,
1135 1244 1216 1315 quid-

217 1336 301 1391 quam
322 1325 441 1391 praeter
462 1319 608 1392 dispersas
630 1319 770 1390 quasdam
784 1324 814 1377 et
825 1320 931 1376 misere
944 1320 1087 1378 laceratas
1102 1326 1217 1378 senten·

213 1398 296 1456 tiolas
310 1396 439 1467 reliquas
452 1396 620 1454 habeamus.
658 1395 700 1454 Ut
715 1397 798 1454 exiis
812 1395 902 1467 libris,
930 1412 1001 1467 quos
1016 1395 1215 1456 defendendae

213 1474 364 1545 analogiae
386 1489 474 1531 causa
488 1480 587 1532 contra
603 1473 749 1531 Gratetem
764 1474 930 1546 scripserat,
951 1474 1108 1544 quantillae
1129 1474 1215 1532 hodie

214 1558 277 1608 sunt
297 1549 486 1621 reliquiaeltl
518 1551 719 1608 Illustraverat
737 1550 815 1607 idem
834 1548 1046 1620 Archilochum,
1066 1549 1214 1620 Alcaeum,

212 1628 431 1698 Anacreontem,
451 1628 633 1700 Aeschylum,
655 1626 835 1698 Sophoclem,
849 1626 956 1698 Iouem,
970 1625 1136 1698 Pindarum,
1149 1626 1214 1684 Ari·
1297 1699 1299 1702 .

213 1705 391 1777 stophanem,
411 1704 541 1777 Aratum,
571 1704 652 1762 alios.
692 1703 804 1762 Horum
823 1709 937 1775 partem
957 1719 1021 1760 oum
1041 1703 1111 1775 ipsis
1133 1702 1214 1762 Com·

212 1781 360 1839 montariis
381 1787 463 1838 aetas
477 1781 572 1839 Musis
595 1781 688 1838 invisa
709 1779 844 1851 abstulit3
865 1780 903 1838 ad
923 1781 1021 1853 plures
1036 1796 1143 1851 eorum,
1164 1780 1214 1850 qui

213 1864 334 1928 exstant,
355 1858 427 1915 nihil
437 1865 579 1931 superest,
601 1864 681 1916 certe
696 1856 774 1929 quod
789 1862 902 1916 constet
915 1857 992 1914 illius
1007 1873 1085 1929 esse;
1106 1856 1143 1915 ad
1156 1855 1213 1928 Ly·
1240 1921 1243 1926 ,

212 1936 302 1992 ricum
325 1935 441 2006 quidem
457 1942 487 1992 11
501 1935 647 1994 Comicum
660 1934 781 2007 aliquid,
801 1934 853 1992 sed
866 1933 937 2010 nihil
951 1933 1037 2005 adid,
1059 1932 1136 2005 quod
1146 1933 1213 1992 olim

212 2009 314 2070 fuerat.
357 2011 453 2083 Quid?
485 2012 561 2083 quod
581 2014 759 2068 recensionem
784 2012 846 2070 eius
866 2013 1041 2066 Hometa'cam
1060 2010 1213 2070 admodum

211 2103 302 2161 nuper
322 2093 382 2146 tam
396 2104 498 2161 parum
517 2105 662 2161 noramus,
682 2095 725 2161 ut,
746 2093 888 2160 quatenus
900 2088 974 2147 haec
987 2088 1214 2160 vulgatanostra

212 2165 246 2222 ad
268 2181 332 2224 eam
353 2164 522 2237 accederet,
549 2166 655 2224 aviris
676 2165 769 2223 doctis
789 2163 899 2223 frustra
919 2172 1118 2238 quaereretur.
1158 2163 1212 2224 Oui

212 2242 373 2312 quaestioni
394 2242 449 2299 etsi
469 2258 505 2300 ne
525 2259 600 2300 nunc
621 2241 737 2313 quidem
756 2240 893 2300 satisfieri
913 2259 931 2301 a
950 2241 1032 2301 nobis
1044 2248 1151 2315 potest,
1171 2247 1214 2300 ta·
1226 2254 1265 2294 2³1

210 2334 272 2376 men
283 2318 461 2377 Venetorum
472 2318 651 2378 Scholiorum
669 2316 808 2377 beneficio
825 2323 870 2377 tot
884 2323 1042 2390 tantaeque
1051 2319 1213 2377 Aristarchi
1251 2323 1253 2327 ’

211 2396 311 2469 copiae
326 2401 493 2469 patuerunt,
513 2401 546 2454 ut
558 2396 583 2453 11
594 2411 668 2452 unus
680 2394 762 2453 nobis
773 2395 839 2468 plus
851 2396 947 2469 operis
957 2395 1108 2469 praebeat,
1128 2411 1213 2468 quam

208 2572 290 2628 larem
315 2573 428 2641 gloriam
450 2570 621 2627 revocabant.
659 2570 735 2626 Ocni.
752 2570 855 2624 Mureti
872 2569 940 2625 Van·
953 2570 1041 2625 Lectt.
1059 2568 1106 2638 Vl,
1126 2573 1148 2622 l.
1166 2569 1213 2623 ubi

207 2641 519 2766 {izaiecicsiesffilgilsssophia
537 2641 670 2709 dicuntur,
688 2639 773 2695 multo
792 2639 873 2694 etiem
885 2638 991 2694 veriora
1002 2643 1064 2693 sunt
1077 2636 1110 2692 de
1122 2652 1212 2706 gram-

280 2797 303 2860 8)
322 2795 392 2850 Nam
405 2795 531 2863 ambigua
554 2799 616 2849 sunt
633 2793 716 2848 verba
734 2792 832 2847 Suidae
850 2810 875 2846 1.
885 2792 1019 2863 Ἀρίαταρ
1038 2810 1080 2852 οςι
1098 2792 1214 2861 Λέγεται

206 2867 312 2935 γράψαι
331 2862 440 2934 ὑπὲρώ
464 2863 560 2929 βιβλία
585 2863 837 2933 ὑπομνημάτων
855 2863 977 2926 μόνων.
1012 2810 1065 2916 §ed
1082 2876 1214 2929 nusquam

206 2934 232 2986 in
249 2940 292 2987 tot
309 2933 375 2986 locis
392 2939 515 2986 veterum
532 2931 616 2986 ullum
634 2930 773 2998 proprium
792 2945 860 2998 opus
878 2930 1027 2984 Aristarchi
1038 2934 1209 2998 memoratur,

206 3010 235 3054 11
252 3002 308 3054 huc
321 3001 488 3069 potissimum
507 3000 646 3068 pertinere
665 3005 758 3067 putem
771 3014 788 3052 a
801 2999 934 3068 Porphyr.
945 2999 974 3052 111
984 2998 1051 3051 Η11.
1062 2997 1162 3066 Epistt.
1174 2997 1210 3065 11,

208 3072 307 3138 1,257.
327 3077 462 3123 servatum
487 3069 587 3123 dictum
613 3067 778 3136 Aristarchi,
803 3068 847 3133 qui
869 3086 948 3134 qaum
969 3067 1050 3118 multa
1074 3067 1211 3133 reprehen-

206 3141 271 3190 derit
291 3141 321 3189 io
338 3139 465 3201 Hormo,
495 3138 703 3204 (iuterrogatus,
727 3142 807 3204 puta,
831 3135 988 3204 abaliquo,
1011 3150 1060 3189 cur
1083 3151 1137 3189 non
1153 3135 1211 3201 ipse

206 3205 320 3260 Carmen
339 3213 513 3272 componeret
530 3206 565 3259 ad
584 3206 700 3272 optimas
718 3205 793 3271 leges
812 3204 898 3272 artis)
923 3206 1014 3257 aiebat.
1036 3204 1211 3269 Napaeae

204 3293 299 3338 porse
333 3276 494 3341 scribere,
523 3274 792 3342 quemadmodum
828 3275 944 3340 uellet,
979 3291 1081 3338 oeque
1116 3271 1209 3333 uelle,

206 3344 471 3406 quemadmodum
487 3352 613 3408 poscet.
648 3340 730 3395 Haud
748 3340 866 3395 absurda
883 3341 1005 3408 profecto
1023 3356 1084 3408 vox,
1103 3345 1210 3407 111111-

206 3411 310 3464 dentiae
340 3409 541 3478 modestiaeque
570 3409 665 3478 plena,
697 3409 845 3477 similisque
876 3418 917 3463 est
945 3408 1078 3463 sententia
1104 3412 1209 3475 po'e'tae,

205 3481 316 3548 Fungar
333 3481 387 3530 1111
405 3482 466 3530 cotis
484 3486 534 3533 eto.

271 3562 477 3633 avicellam.
504 3565 536 3618 de
559 3563 590 3616 L.
615 3564 647 3618 L.
665 3562 726 3619 VII.
754 3581 782 3633 p.
802 3568 859 3618 119.
880 3567 936 3618 121.
954 3562 1028 3616 VIll.
1046 3579 1087 3641 pr.
1105 3577 1133 3638 p..
1152 3563 1209 3635 126.

206 3638 260 3689 151.
285 3633 333 3688 IX.
359 3649 384 3700 p.
408 3636 463 3687 170.
487 3633 584 3687 collato
609 3633 761 3700 GellioII,
785 3637 827 3687 25.
862 3632 919 3686 Illis
942 3631 1008 3684 locis
1033 3647 1055 3684 11
1073 3629 1208 3683 add1der1s

204 3701 329 3768 Quinctil.
343 3700 364 3769 I,
382 3705 407 3768 4,
426 3704 467 3754 20.
486 3701 588 3755 Charis.
607 3702 624 3754 l.
643 3718 670 3770 p.
684 3705 725 3757 94.
744 3701 874 3756 Priscian.
892 3699 978 3754 XVII.
996 3714 1023 3766 p.
1038 3701 1112 3753 root.
1133 3699 1206 3752 1106.

204 3769 322 3839 Putsch,
340 3768 452 3824 habebis
470 3770 567 3838 omnia,
585 3785 656 3839 qnae
674 3771 768 3825 Latini
786 3785 820 3824 ex
832 3770 885 3824 hoc
897 3781 995 3836 genere
1008 3772 1207 3820 conservarunt.
