<?xml version="1.0" encoding="UTF-8"?>
<!DOCTYPE html PUBLIC "-//W3C//DTD XHTML 1.0 Transitional//EN"
    "http://www.w3.org/TR/xhtml1/DTD/xhtml1-transitional.dtd">
<html xmlns="http://www.w3.org/1999/xhtml" xml:lang="en" lang="en">
 <head>
  <title>
</title>
<meta http-equiv="Content-Type" content="text/html;charset=utf-8" />
  <meta name='ocr-system' content='tesseract 3.04.00' />
  <meta name='ocr-capabilities' content='ocr_page ocr_carea ocr_par ocr_line ocrx_word'/>
</head>
<body>
  <div class='ocr_page' id='page_1' title='image "./prolegomenaadho00wolfgoog/prolegomenaadho00wolfgoog_0164.png"; bbox 0 0 3034 4434; ppageno 0'>
   <div class='ocr_carea' id='block_1_1' title="bbox 681 522 861 577">
    <p class='ocr_par' dir='ltr' id='par_1_1' title="bbox 681 522 861 577">
     <span class='ocr_line' id='line_1_1' title="bbox 681 522 861 577; baseline 0.006 -19"><span class='ocrx_word' id='word_1_1' title='bbox 681 522 861 577; x_wconf 82' lang='lat'>..144-</span> 
     </span>
    </p>
   </div>
   <div class='ocr_carea' id='block_1_2' title="bbox 210 666 1279 2746">
    <p class='ocr_par' dir='ltr' id='par_1_2' title="bbox 268 666 1279 1128">
     <span class='ocr_line' id='line_1_2' title="bbox 268 666 1278 747; baseline -0.004 -14"><span class='ocrx_word' id='word_1_2' title='bbox 268 674 463 733; x_wconf 88' lang='lat' dir='ltr'><strong>litterularum</strong></span> <span class='ocrx_word' id='word_1_3' title='bbox 483 677 626 743; x_wconf 85' lang='lat' dir='ltr'><strong>occupata</strong></span> <span class='ocrx_word' id='word_1_4' title='bbox 646 670 789 731; x_wconf 70' lang='lat' dir='ltr'><strong>coctura</strong></span> <span class='ocrx_word' id='word_1_5' title='bbox 828 669 875 728; x_wconf 86' lang='lat' dir='ltr'><strong>Ex</strong></span> <span class='ocrx_word' id='word_1_6' title='bbox 893 669 945 728; x_wconf 87' lang='lat' dir='ltr'><strong>illa</strong></span> <span class='ocrx_word' id='word_1_7' title='bbox 964 669 1014 742; x_wconf 88' lang='lat' dir='ltr'><strong>qui</strong></span> <span class='ocrx_word' id='word_1_8' title='bbox 1034 666 1167 747; x_wconf 80' lang='grc' dir='ltr'><strong>Κριτικοὶ</strong></span> <span class='ocrx_word' id='word_1_9' title='bbox 1188 669 1278 730; x_wconf 87' lang='lat' dir='ltr'><strong>Grae·</strong></span> 
     </span>
     <span class='ocr_line' id='line_1_3' title="bbox 270 746 1276 823; baseline -0.003 -14"><span class='ocrx_word' id='word_1_10' title='bbox 270 752 321 823; x_wconf 89' lang='lat' dir='ltr'><strong>cis,</strong></span> <span class='ocrx_word' id='word_1_11' title='bbox 342 749 430 807; x_wconf 91' lang='lat' dir='ltr'><strong>iidem</strong></span> <span class='ocrx_word' id='word_1_12' title='bbox 449 747 562 806; x_wconf 89' lang='lat' dir='ltr'><strong>Latinis</strong></span> <span class='ocrx_word' id='word_1_13' title='bbox 576 750 677 803; x_wconf 74' lang='lat' dir='ltr'><strong>iudices</strong></span> <span class='ocrx_word' id='word_1_14' title='bbox 690 750 854 818; x_wconf 72' lang='lat' dir='ltr'><strong>scriptoram</strong></span> <span class='ocrx_word' id='word_1_15' title='bbox 866 751 1053 818; x_wconf 83' lang='lat' dir='ltr'><strong>usurpantur,</strong></span> <span class='ocrx_word' id='word_1_16' title='bbox 1072 746 1276 819; x_wconf 82' lang='lat' dir='ltr'><strong>habenturque</strong></span> 
     </span>
     <span class='ocr_line' id='line_1_4' title="bbox 269 822 1276 897; baseline -0.003 -12"><span class='ocrx_word' id='word_1_17' title='bbox 269 829 299 884; x_wconf 90' lang='lat' dir='ltr'><strong>in</strong></span> <span class='ocrx_word' id='word_1_18' title='bbox 318 828 373 885; x_wconf 89' lang='lat' dir='ltr'><strong>hoc</strong></span> <span class='ocrx_word' id='word_1_19' title='bbox 392 841 511 884; x_wconf 91' lang='lat' dir='ltr'><strong>numero</strong></span> <span class='ocrx_word' id='word_1_20' title='bbox 531 825 578 882; x_wconf 81' lang='lat' dir='ltr'><strong>vel</strong></span> <span class='ocrx_word' id='word_1_21' title='bbox 591 825 621 882; x_wconf 91' lang='lat' dir='ltr'><strong>in</strong></span> <span class='ocrx_word' id='word_1_22' title='bbox 641 825 741 897; x_wconf 89' lang='lat' dir='ltr'><strong>primis</strong></span> <span class='ocrx_word' id='word_1_23' title='bbox 762 824 792 896; x_wconf 88' lang='lat' dir='ltr'><strong>ii,</strong></span> <span class='ocrx_word' id='word_1_24' title='bbox 813 840 884 896; x_wconf 90' lang='lat' dir='ltr'><strong>quos</strong></span> <span class='ocrx_word' id='word_1_25' title='bbox 905 839 989 882; x_wconf 91' lang='lat' dir='ltr'><strong>nemo</strong></span> <span class='ocrx_word' id='word_1_26' title='bbox 1003 822 1112 883; x_wconf 81' lang='lat' dir='ltr'>dixerit</span> <span class='ocrx_word' id='word_1_27' title='bbox 1125 824 1276 884; x_wconf 87' lang='lat' dir='ltr'><strong>laborasse</strong></span> 
     </span>
     <span class='ocr_line' id='line_1_5' title="bbox 269 898 1278 975; baseline -0.002 -14"><span class='ocrx_word' id='word_1_28' title='bbox 269 902 357 975; x_wconf 88' lang='lat' dir='ltr'><strong>illud,</strong></span> <span class='ocrx_word' id='word_1_29' title='bbox 388 908 422 961; x_wconf 92' lang='lat' dir='ltr'><strong>ut</strong></span> <span class='ocrx_word' id='word_1_30' title='bbox 441 919 541 959; x_wconf 91' lang='lat' dir='ltr'><strong>manus</strong></span> <span class='ocrx_word' id='word_1_31' title='bbox 563 908 713 960; x_wconf 87' lang='lat' dir='ltr'><strong>auctorum</strong></span> <span class='ocrx_word' id='word_1_32' title='bbox 734 902 847 959; x_wconf 88' lang='lat' dir='ltr'><strong>collatis</strong></span> <span class='ocrx_word' id='word_1_33' title='bbox 868 898 1015 960; x_wconf 89' lang='lat' dir='ltr'><strong>codicibus</strong></span> <span class='ocrx_word' id='word_1_34' title='bbox 1036 916 1090 959; x_wconf 90' lang='lat' dir='ltr'><strong>seu</strong></span> <span class='ocrx_word' id='word_1_35' title='bbox 1109 902 1278 960; x_wconf 87' lang='lat' dir='ltr'><strong>coniectura</strong></span> 
     </span>
     <span class='ocr_line' id='line_1_6' title="bbox 270 975 1279 1052; baseline 0 -15"><span class='ocrx_word' id='word_1_36' title='bbox 270 979 454 1052; x_wconf 84' lang='lat' dir='ltr'><strong>indagarent,</strong></span> <span class='ocrx_word' id='word_1_37' title='bbox 475 980 549 1036; x_wconf 90' lang='lat' dir='ltr'><strong>sicut</strong></span> <span class='ocrx_word' id='word_1_38' title='bbox 562 978 695 1037; x_wconf 87' lang='lat' dir='ltr'><strong>Maecius</strong></span> <span class='ocrx_word' id='word_1_39' title='bbox 716 977 824 1050; x_wconf 83' lang='lat' dir='ltr'>Tarpa,</span> <span class='ocrx_word' id='word_1_40' title='bbox 844 975 1006 1035; x_wconf 89' lang='lat' dir='ltr'><strong>fabularum</strong></span> <span class='ocrx_word' id='word_1_41' title='bbox 1019 975 1132 1036; x_wconf 88' lang='lat' dir='ltr'><strong>Romae</strong></span> <span class='ocrx_word' id='word_1_42' title='bbox 1152 978 1183 1035; x_wconf 90' lang='lat' dir='ltr'><strong>in</strong></span> <span class='ocrx_word' id='word_1_43' title='bbox 1203 995 1279 1040; x_wconf 86' lang='lat' dir='ltr'><strong>com·</strong></span> 
     </span>
     <span class='ocr_line' id='line_1_7' title="bbox 270 1053 1101 1128; baseline -0.006 -12"><span class='ocrx_word' id='word_1_44' title='bbox 270 1058 436 1116; x_wconf 85' lang='lat' dir='ltr'><strong>missionem</strong></span> <span class='ocrx_word' id='word_1_45' title='bbox 456 1056 663 1128; x_wconf 89' lang='lat' dir='ltr'><strong>productarum</strong></span> <span class='ocrx_word' id='word_1_46' title='bbox 683 1055 800 1114; x_wconf 88' lang='lat' dir='ltr'><strong>auditor</strong></span> <span class='ocrx_word' id='word_1_47' title='bbox 821 1055 1045 1125; x_wconf 86' lang='lat' dir='ltr'><strong>aestimatorque</strong></span> <span class='ocrx_word' id='word_1_48' title='bbox 1052 1053 1101 1125; x_wconf 69' lang='grc'><strong>16).</strong></span> 
     </span>
    </p>

    <p class='ocr_par' dir='ltr' id='par_1_3' title="bbox 271 1131 1279 1361">
     <span class='ocr_line' id='line_1_8' title="bbox 348 1131 1276 1205; baseline 0 -15"><span class='ocrx_word' id='word_1_49' title='bbox 348 1133 414 1190; x_wconf 90' lang='lat' dir='ltr'><strong>Tali</strong></span> <span class='ocrx_word' id='word_1_50' title='bbox 427 1133 518 1205; x_wconf 85' lang='lat' dir='ltr'><strong>igitur</strong></span> <span class='ocrx_word' id='word_1_51' title='bbox 533 1132 734 1190; x_wconf 82' lang='lat' dir='ltr'><strong>emendatione</strong></span> <span class='ocrx_word' id='word_1_52' title='bbox 747 1131 794 1189; x_wconf 82' lang='lat' dir='ltr'><strong>vel</strong></span> <span class='ocrx_word' id='word_1_53' title='bbox 808 1131 904 1204; x_wconf 88' lang='lat' dir='ltr'><strong>potius</strong></span> <span class='ocrx_word' id='word_1_54' title='bbox 916 1147 1038 1189; x_wconf 90' lang='lat' dir='ltr'><strong>censura</strong></span> <span class='ocrx_word' id='word_1_55' title='bbox 1049 1137 1201 1190; x_wconf 82' lang='lat' dir='ltr'><strong>certarunt</strong></span> <span class='ocrx_word' id='word_1_56' title='bbox 1210 1133 1276 1192; x_wconf 90' lang='lat' dir='ltr'><strong>olim</strong></span> 
     </span>
     <span class='ocr_line' id='line_1_9' title="bbox 272 1207 1279 1282; baseline 0 -14"><span class='ocrx_word' id='word_1_57' title='bbox 272 1211 302 1268; x_wconf 91' lang='lat' dir='ltr'><strong>in</strong></span> <span class='ocrx_word' id='word_1_58' title='bbox 321 1210 448 1269; x_wconf 85' lang='lat' dir='ltr'><strong>Homero</strong></span> <span class='ocrx_word' id='word_1_59' title='bbox 471 1216 501 1267; x_wconf 91' lang='lat' dir='ltr'><strong>et</strong></span> <span class='ocrx_word' id='word_1_60' title='bbox 521 1210 604 1282; x_wconf 91' lang='lat' dir='ltr'><strong>quasi</strong></span> <span class='ocrx_word' id='word_1_61' title='bbox 624 1225 688 1267; x_wconf 92' lang='lat' dir='ltr'><strong>cum</strong></span> <span class='ocrx_word' id='word_1_62' title='bbox 708 1208 836 1266; x_wconf 85' lang='lat' dir='ltr'><strong>Homero</strong></span> <span class='ocrx_word' id='word_1_63' title='bbox 858 1207 958 1266; x_wconf 79' lang='lat' dir='ltr'><strong>Ouitioi</strong></span> <span class='ocrx_word' id='word_1_64' title='bbox 978 1224 1087 1281; x_wconf 72' lang='lat' dir='ltr'><strong>omnes</strong></span> <span class='ocrx_word' id='word_1_65' title='bbox 1107 1210 1279 1282; x_wconf 87' lang='lat' dir='ltr'><strong>impellente</strong></span> 
     </span>
     <span class='ocr_line' id='line_1_10' title="bbox 271 1285 1276 1361; baseline 0.001 -17"><span class='ocrx_word' id='word_1_66' title='bbox 271 1287 336 1360; x_wconf 90' lang='lat' dir='ltr'><strong>ipsa</strong></span> <span class='ocrx_word' id='word_1_67' title='bbox 348 1287 531 1361; x_wconf 84' lang='lat' dir='ltr'><strong>praestantia</strong></span> <span class='ocrx_word' id='word_1_68' title='bbox 546 1286 718 1358; x_wconf 74' lang='lat' dir='ltr'><strong>carminum,</strong></span> <span class='ocrx_word' id='word_1_69' title='bbox 733 1291 766 1342; x_wconf 89' lang='lat' dir='ltr'><strong>ut</strong></span> <span class='ocrx_word' id='word_1_70' title='bbox 778 1285 850 1342; x_wconf 92' lang='lat' dir='ltr'><strong>nihil</strong></span> <span class='ocrx_word' id='word_1_71' title='bbox 863 1285 1039 1356; x_wconf 86' lang='lat' dir='ltr'><strong>omitterent,</strong></span> <span class='ocrx_word' id='word_1_72' title='bbox 1052 1301 1110 1357; x_wconf 90' lang='lat' dir='ltr'><strong>quo</strong></span> <span class='ocrx_word' id='word_1_73' title='bbox 1124 1287 1229 1358; x_wconf 81' lang='lat' dir='ltr'><strong>augeri</strong></span> <span class='ocrx_word' id='word_1_74' title='bbox 1242 1303 1276 1345; x_wconf 88' lang='lat' dir='ltr'><strong>ea</strong></span> 
     </span>
    </p>

    <p class='ocr_par' dir='ltr' id='par_1_4' title="bbox 210 1362 1277 2746">
     <span class='ocr_line' id='line_1_11' title="bbox 218 1362 1277 1438; baseline -0.004 -13"><span class='ocrx_word' id='word_1_75' title='bbox 218 1372 381 1438; x_wconf 73' lang='lat' dir='ltr'><strong>asposset,</strong></span> <span class='ocrx_word' id='word_1_76' title='bbox 403 1370 433 1422; x_wconf 89' lang='lat' dir='ltr'><strong>et</strong></span> <span class='ocrx_word' id='word_1_77' title='bbox 452 1362 678 1438; x_wconf 86' lang='lat' dir='ltr'><strong>perfectissimus</strong></span> <span class='ocrx_word' id='word_1_78' title='bbox 699 1363 839 1420; x_wconf 89' lang='lat' dir='ltr'><strong>sermonis</strong></span> <span class='ocrx_word' id='word_1_79' title='bbox 864 1367 894 1419; x_wconf 90' lang='lat' dir='ltr'><strong>ct</strong></span> <span class='ocrx_word' id='word_1_80' title='bbox 911 1363 1044 1435; x_wconf 79' lang='lat' dir='ltr'><strong>poeticae</strong></span> <span class='ocrx_word' id='word_1_81' title='bbox 1057 1363 1130 1421; x_wconf 90' lang='lat' dir='ltr'><strong>artis</strong></span> <span class='ocrx_word' id='word_1_82' title='bbox 1142 1365 1223 1423; x_wconf 92' lang='lat' dir='ltr'><strong>nitor</strong></span> <span class='ocrx_word' id='word_1_83' title='bbox 1234 1365 1277 1421; x_wconf 91' lang='lat' dir='ltr'><strong>in·</strong></span> 
     </span>
     <span class='ocr_line' id='line_1_12' title="bbox 271 1439 1275 1514; baseline -0.001 -14"><span class='ocrx_word' id='word_1_84' title='bbox 271 1442 347 1500; x_wconf 91' lang='lat' dir='ltr'><strong>duci.</strong></span> <span class='ocrx_word' id='word_1_85' title='bbox 388 1442 452 1513; x_wconf 74' lang='lat' dir='ltr'><strong>Qua</strong></span> <span class='ocrx_word' id='word_1_86' title='bbox 472 1441 501 1497; x_wconf 90' lang='lat' dir='ltr'><strong>in</strong></span> <span class='ocrx_word' id='word_1_87' title='bbox 521 1456 563 1509; x_wconf 93' lang='lat' dir='ltr'><strong>re,</strong></span> <span class='ocrx_word' id='word_1_88' title='bbox 584 1457 641 1511; x_wconf 93' lang='lat' dir='ltr'><strong>quo</strong></span> <span class='ocrx_word' id='word_1_89' title='bbox 662 1439 784 1510; x_wconf 85' lang='lat' dir='ltr'><strong>quisque</strong></span> <span class='ocrx_word' id='word_1_90' title='bbox 804 1439 981 1511; x_wconf 86' lang='lat' dir='ltr'><strong>ingeniosior</strong></span> <span class='ocrx_word' id='word_1_91' title='bbox 1000 1444 1073 1511; x_wconf 85' lang='lat' dir='ltr'><strong>erat,</strong></span> <span class='ocrx_word' id='word_1_92' title='bbox 1095 1456 1130 1499; x_wconf 92' lang='lat' dir='ltr'><strong>eo</strong></span> <span class='ocrx_word' id='word_1_93' title='bbox 1151 1441 1275 1514; x_wconf 89' lang='lat' dir='ltr'><strong>plerum·</strong></span> 
     </span>
     <span class='ocr_line' id='line_1_13' title="bbox 268 1517 1274 1591; baseline -0.001 -15"><span class='ocrx_word' id='word_1_94' title='bbox 268 1534 324 1590; x_wconf 93' lang='lat' dir='ltr'><strong>que</strong></span> <span class='ocrx_word' id='word_1_95' title='bbox 344 1517 542 1577; x_wconf 87' lang='lat' dir='ltr'><strong>immodestius</strong></span> <span class='ocrx_word' id='word_1_96' title='bbox 562 1517 678 1575; x_wconf 82' lang='lat' dir='ltr'><strong>videtur</strong></span> <span class='ocrx_word' id='word_1_97' title='bbox 697 1522 830 1574; x_wconf 87' lang='lat' dir='ltr'><strong>versatus</strong></span> <span class='ocrx_word' id='word_1_98' title='bbox 845 1532 918 1584; x_wconf 90' lang='lat' dir='ltr'><strong>esse,</strong></span> <span class='ocrx_word' id='word_1_99' title='bbox 939 1521 1108 1587; x_wconf 84' lang='lat' dir='ltr'><strong>textumque</strong></span> <span class='ocrx_word' id='word_1_100' title='bbox 1121 1533 1213 1591; x_wconf 88' lang='lat' dir='ltr'><strong>saepe</strong></span> <span class='ocrx_word' id='word_1_101' title='bbox 1226 1517 1274 1575; x_wconf 82' lang='lat' dir='ltr'><strong>de</strong></span> 
     </span>
     <span class='ocr_line' id='line_1_14' title="bbox 268 1592 1275 1668; baseline 0 -16"><span class='ocrx_word' id='word_1_102' title='bbox 268 1612 406 1668; x_wconf 81' lang='lat' dir='ltr'><strong>prarasse</strong></span> <span class='ocrx_word' id='word_1_103' title='bbox 427 1593 606 1666; x_wconf 79' lang='lat' dir='ltr'><strong>corrigendo.</strong></span> <span class='ocrx_word' id='word_1_104' title='bbox 647 1592 768 1652; x_wconf 79' lang='lat' dir='ltr'><strong>Scilicet</strong></span> <span class='ocrx_word' id='word_1_105' title='bbox 788 1593 813 1650; x_wconf 91' lang='lat' dir='ltr'><strong>is</strong></span> <span class='ocrx_word' id='word_1_106' title='bbox 834 1593 934 1651; x_wconf 91' lang='lat' dir='ltr'><strong>critico</strong></span> <span class='ocrx_word' id='word_1_107' title='bbox 955 1592 1062 1652; x_wconf 91' lang='lat' dir='ltr'><strong>iudicio</strong></span> <span class='ocrx_word' id='word_1_108' title='bbox 1074 1595 1201 1652; x_wconf 87' lang='lat' dir='ltr'><strong>maxime</strong></span> <span class='ocrx_word' id='word_1_109' title='bbox 1213 1595 1275 1668; x_wconf 91' lang='lat' dir='ltr'><strong>pol-</strong></span> 
     </span>
     <span class='ocr_line' id='line_1_15' title="bbox 267 1669 1275 1746; baseline 0 -16"><span class='ocrx_word' id='word_1_110' title='bbox 267 1674 329 1731; x_wconf 87' lang='lat' dir='ltr'><strong>lere</strong></span> <span class='ocrx_word' id='word_1_111' title='bbox 349 1671 518 1746; x_wconf 79' lang='lat' dir='ltr'><strong>putabatur,</strong></span> <span class='ocrx_word' id='word_1_112' title='bbox 538 1672 587 1742; x_wconf 91' lang='lat' dir='ltr'><strong>qui</strong></span> <span class='ocrx_word' id='word_1_113' title='bbox 607 1670 745 1742; x_wconf 90' lang='lat' dir='ltr'><strong>optimum</strong></span> <span class='ocrx_word' id='word_1_114' title='bbox 766 1674 882 1741; x_wconf 84' lang='lat' dir='ltr'><strong>poetam</strong></span> <span class='ocrx_word' id='word_1_115' title='bbox 902 1669 1021 1742; x_wconf 90' lang='lat' dir='ltr'><strong>proprio</strong></span> <span class='ocrx_word' id='word_1_116' title='bbox 1040 1670 1159 1742; x_wconf 82' lang='lat' dir='ltr'><strong>ingenio</strong></span> <span class='ocrx_word' id='word_1_117' title='bbox 1180 1687 1275 1730; x_wconf 92' lang='lat' dir='ltr'><strong>emen-</strong></span> 
     </span>
     <span class='ocr_line' id='line_1_16' title="bbox 267 1745 1275 1825; baseline 0 -18"><span class='ocrx_word' id='word_1_118' title='bbox 267 1749 337 1808; x_wconf 90' lang='lat' dir='ltr'><strong>dare</strong></span> <span class='ocrx_word' id='word_1_119' title='bbox 362 1753 486 1821; x_wconf 90' lang='lat' dir='ltr'><strong>poterat.</strong></span> <span class='ocrx_word' id='word_1_120' title='bbox 516 1747 576 1805; x_wconf 86' lang='lat' dir='ltr'><strong>Alii</strong></span> <span class='ocrx_word' id='word_1_121' title='bbox 587 1753 684 1806; x_wconf 91' lang='lat' dir='ltr'><strong>autem</strong></span> <span class='ocrx_word' id='word_1_122' title='bbox 699 1745 916 1805; x_wconf 90' lang='lat' dir='ltr'><strong>emendationes</strong></span> <span class='ocrx_word' id='word_1_123' title='bbox 931 1746 1005 1804; x_wconf 89' lang='lat' dir='ltr'><strong>tales</strong></span> <span class='ocrx_word' id='word_1_124' title='bbox 1019 1747 1065 1804; x_wconf 86' lang='lat' dir='ltr'><strong>vel</strong></span> <span class='ocrx_word' id='word_1_125' title='bbox 1078 1747 1110 1804; x_wconf 92' lang='lat' dir='ltr'><strong>in</strong></span> <span class='ocrx_word' id='word_1_126' title='bbox 1124 1746 1275 1825; x_wconf 81' lang='lat' dir='ltr'><strong>Commen-</strong></span> 
     </span>
     <span class='ocr_line' id='line_1_17' title="bbox 266 1818 1272 1900; baseline 0 -16"><span class='ocrx_word' id='word_1_127' title='bbox 266 1826 349 1884; x_wconf 89' lang='lat' dir='ltr'><strong>tariis</strong></span> <span class='ocrx_word' id='word_1_128' title='bbox 370 1827 429 1883; x_wconf 91' lang='lat' dir='ltr'><strong>suis</strong></span> <span class='ocrx_word' id='word_1_129' title='bbox 449 1825 664 1900; x_wconf 90' lang='lat' dir='ltr'><strong>proponebant,</strong></span> <span class='ocrx_word' id='word_1_130' title='bbox 690 1824 737 1882; x_wconf 85' lang='lat' dir='ltr'><strong>vel</strong></span> <span class='ocrx_word' id='word_1_131' title='bbox 761 1823 791 1880; x_wconf 93' lang='lat' dir='ltr'><strong>in</strong></span> <span class='ocrx_word' id='word_1_132' title='bbox 817 1823 939 1895; x_wconf 90' lang='lat' dir='ltr'><strong>scholis,</strong></span> <span class='ocrx_word' id='word_1_133' title='bbox 965 1839 1000 1880; x_wconf 87' lang='lat' dir='ltr'><strong>ex</strong></span> <span class='ocrx_word' id='word_1_134' title='bbox 1025 1823 1129 1895; x_wconf 90' lang='lat' dir='ltr'><strong>quibus</strong></span> <span class='ocrx_word' id='word_1_135' title='bbox 1149 1818 1272 1884; x_wconf 78' lang='lat' dir='ltr'><strong>morab</strong></span> 
     </span>
     <span class='ocr_line' id='line_1_18' title="bbox 267 1899 1271 1973; baseline 0.002 -13"><span class='ocrx_word' id='word_1_136' title='bbox 267 1902 447 1960; x_wconf 86' lang='lat' dir='ltr'><strong>auditoribus</strong></span> <span class='ocrx_word' id='word_1_137' title='bbox 468 1900 691 1972; x_wconf 79' lang='lat' dir='ltr'><strong>colligebantur.</strong></span> <span class='ocrx_word' id='word_1_138' title='bbox 725 1899 830 1966; x_wconf 78' lang='lat' dir='ltr'><strong>Totam</strong></span> <span class='ocrx_word' id='word_1_139' title='bbox 850 1906 948 1958; x_wconf 86' lang='lat' dir='ltr'><strong>autern</strong></span> <span class='ocrx_word' id='word_1_140' title='bbox 961 1916 1023 1958; x_wconf 89' lang='lat' dir='ltr'><strong>rem</strong></span> <span class='ocrx_word' id='word_1_141' title='bbox 1036 1901 1131 1973; x_wconf 92' lang='lat' dir='ltr'><strong>primo</strong></span> <span class='ocrx_word' id='word_1_142' title='bbox 1144 1918 1202 1962; x_wconf 91' lang='lat' dir='ltr'><strong>non</strong></span> <span class='ocrx_word' id='word_1_143' title='bbox 1214 1902 1271 1962; x_wconf 85' lang='lat' dir='ltr'><strong>dis·</strong></span> 
     </span>
     <span class='ocr_line' id='line_1_19' title="bbox 265 1977 1270 2051; baseline 0.003 -15"><span class='ocrx_word' id='word_1_144' title='bbox 265 1979 413 2051; x_wconf 90' lang='lat' dir='ltr'><strong>plicuisse,</strong></span> <span class='ocrx_word' id='word_1_145' title='bbox 427 1977 555 2036; x_wconf 87' lang='lat' dir='ltr'><strong>ostendit</strong></span> <span class='ocrx_word' id='word_1_146' title='bbox 568 1982 742 2035; x_wconf 90' lang='lat' dir='ltr'><strong>memoratus</strong></span> <span class='ocrx_word' id='word_1_147' title='bbox 756 1977 856 2049; x_wconf 88' lang='lat' dir='ltr'><strong>paullo</strong></span> <span class='ocrx_word' id='word_1_148' title='bbox 871 1983 939 2035; x_wconf 87' lang='lat' dir='ltr'><strong>ante</strong></span> <span class='ocrx_word' id='word_1_149' title='bbox 951 1977 1099 2047; x_wconf 87' lang='lat' dir='ltr'><strong>litterator</strong></span> <span class='ocrx_word' id='word_1_150' title='bbox 1110 1977 1270 2039; x_wconf 85' lang='lat' dir='ltr'><strong>Athenien·</strong></span> 
     </span>
     <span class='ocr_line' id='line_1_20' title="bbox 267 2051 1273 2126; baseline 0.002 -14"><span class='ocrx_word' id='word_1_151' title='bbox 267 2056 316 2126; x_wconf 83' lang='lat' dir='ltr'><strong>sis,</strong></span> <span class='ocrx_word' id='word_1_152' title='bbox 337 2055 386 2125; x_wconf 89' lang='lat' dir='ltr'><strong>qui</strong></span> <span class='ocrx_word' id='word_1_153' title='bbox 408 2053 580 2112; x_wconf 90' lang='lat' dir='ltr'><strong>emendandi</strong></span> <span class='ocrx_word' id='word_1_154' title='bbox 593 2054 715 2112; x_wconf 91' lang='lat' dir='ltr'><strong>Homeri</strong></span> <span class='ocrx_word' id='word_1_155' title='bbox 728 2051 896 2113; x_wconf 87' lang='lat' dir='ltr'><strong>facultatem</strong></span> <span class='ocrx_word' id='word_1_156' title='bbox 912 2060 942 2112; x_wconf 91' lang='lat' dir='ltr'><strong>et</strong></span> <span class='ocrx_word' id='word_1_157' title='bbox 955 2053 1083 2114; x_wconf 89' lang='lat' dir='ltr'><strong>studium</strong></span> <span class='ocrx_word' id='word_1_158' title='bbox 1096 2071 1181 2114; x_wconf 86' lang='lat' dir='ltr'><strong>snum</strong></span> <span class='ocrx_word' id='word_1_159' title='bbox 1193 2057 1273 2116; x_wconf 85' lang='lat' dir='ltr'><strong>Alci-</strong></span> 
     </span>
     <span class='ocr_line' id='line_1_21' title="bbox 265 2130 1271 2207; baseline 0.005 -19"><span class='ocrx_word' id='word_1_160' title='bbox 265 2130 346 2189; x_wconf 91' lang='lat' dir='ltr'><strong>biadi</strong></span> <span class='ocrx_word' id='word_1_161' title='bbox 359 2130 537 2203; x_wconf 85' lang='lat' dir='ltr'><strong>venditabat,</strong></span> <span class='ocrx_word' id='word_1_162' title='bbox 551 2131 677 2200; x_wconf 90' lang='lat' dir='ltr'><strong>minime,</strong></span> <span class='ocrx_word' id='word_1_163' title='bbox 692 2131 718 2188; x_wconf 92' lang='lat' dir='ltr'><strong>si</strong></span> <span class='ocrx_word' id='word_1_164' title='bbox 731 2131 802 2202; x_wconf 90' lang='lat' dir='ltr'><strong>quid</strong></span> <span class='ocrx_word' id='word_1_165' title='bbox 815 2131 909 2203; x_wconf 91' lang='lat' dir='ltr'><strong>video,</strong></span> <span class='ocrx_word' id='word_1_166' title='bbox 923 2131 1069 2189; x_wconf 85' lang='lat' dir='ltr'><strong>diversum</strong></span> <span class='ocrx_word' id='word_1_167' title='bbox 1083 2130 1120 2190; x_wconf 86' lang='lat' dir='ltr'><strong>ab</strong></span> <span class='ocrx_word' id='word_1_168' title='bbox 1136 2148 1181 2206; x_wconf 92' lang='lat' dir='ltr'><strong>eo,</strong></span> <span class='ocrx_word' id='word_1_169' title='bbox 1195 2133 1271 2207; x_wconf 90' lang='lat' dir='ltr'><strong>quod</strong></span> 
     </span>
     <span class='ocr_line' id='line_1_22' title="bbox 264 2207 1270 2284; baseline 0.006 -20"><span class='ocrx_word' id='word_1_170' title='bbox 264 2207 312 2265; x_wconf 90' lang='lat' dir='ltr'><strong>hic</strong></span> <span class='ocrx_word' id='word_1_171' title='bbox 333 2207 532 2266; x_wconf 88' lang='lat' dir='ltr'><strong>describimus.</strong></span> <span class='ocrx_word' id='word_1_172' title='bbox 566 2207 638 2266; x_wconf 92' lang='lat' dir='ltr'><strong>Post</strong></span> <span class='ocrx_word' id='word_1_173' title='bbox 658 2208 807 2279; x_wconf 87' lang='lat' dir='ltr'><strong>aliquanto</strong></span> <span class='ocrx_word' id='word_1_174' title='bbox 827 2224 913 2280; x_wconf 89' lang='lat' dir='ltr'><strong>quam</strong></span> <span class='ocrx_word' id='word_1_175' title='bbox 926 2207 1070 2267; x_wconf 89' lang='lat' dir='ltr'><strong>Zenodoti</strong></span> <span class='ocrx_word' id='word_1_176' title='bbox 1090 2215 1121 2268; x_wconf 89' lang='lat' dir='ltr'><strong>et</strong></span> <span class='ocrx_word' id='word_1_177' title='bbox 1140 2210 1270 2284; x_wconf 82' lang='lat' dir='ltr'><strong>aliorum,</strong></span> 
     </span>
     <span class='ocr_line' id='line_1_23' title="bbox 264 2284 1268 2358; baseline 0.004 -16"><span class='ocrx_word' id='word_1_178' title='bbox 264 2284 294 2342; x_wconf 89' lang='lat' dir='ltr'><strong>in</strong></span> <span class='ocrx_word' id='word_1_179' title='bbox 308 2285 433 2358; x_wconf 90' lang='lat' dir='ltr'><strong>optimos</strong></span> <span class='ocrx_word' id='word_1_180' title='bbox 447 2301 547 2343; x_wconf 89' lang='lat' dir='ltr'><strong>versus</strong></span> <span class='ocrx_word' id='word_1_181' title='bbox 562 2290 592 2342; x_wconf 87' lang='lat' dir='ltr'><strong>et</strong></span> <span class='ocrx_word' id='word_1_182' title='bbox 605 2285 740 2343; x_wconf 87' lang='lat' dir='ltr'><strong>universa</strong></span> <span class='ocrx_word' id='word_1_183' title='bbox 753 2284 888 2343; x_wconf 85' lang='lat' dir='ltr'><strong>Carmina</strong></span> <span class='ocrx_word' id='word_1_184' title='bbox 901 2285 1104 2357; x_wconf 82' lang='lat' dir='ltr'><strong>grassantium,</strong></span> <span class='ocrx_word' id='word_1_185' title='bbox 1117 2285 1268 2346; x_wconf 90' lang='lat' dir='ltr'><strong>libidinem</strong></span> 
     </span>
     <span class='ocr_line' id='line_1_24' title="bbox 264 2362 1267 2438; baseline 0.002 -18"><span class='ocrx_word' id='word_1_186' title='bbox 264 2362 383 2420; x_wconf 93' lang='lat' dir='ltr'><strong>nimium</strong></span> <span class='ocrx_word' id='word_1_187' title='bbox 403 2363 560 2420; x_wconf 88' lang='lat' dir='ltr'><strong>sensissent</strong></span> <span class='ocrx_word' id='word_1_188' title='bbox 574 2367 689 2420; x_wconf 88' lang='lat' dir='ltr'><strong>vetusta</strong></span> <span class='ocrx_word' id='word_1_189' title='bbox 702 2367 896 2434; x_wconf 89' lang='lat' dir='ltr'><strong>monumenta,</strong></span> <span class='ocrx_word' id='word_1_190' title='bbox 917 2379 964 2420; x_wconf 91' lang='lat' dir='ltr'><strong>ars</strong></span> <span class='ocrx_word' id='word_1_191' title='bbox 978 2362 1036 2438; x_wconf 89' lang='lat' dir='ltr'><strong>ista</strong></span> <span class='ocrx_word' id='word_1_192' title='bbox 1048 2362 1113 2420; x_wconf 91' lang='lat' dir='ltr'><strong>iure</strong></span> <span class='ocrx_word' id='word_1_193' title='bbox 1126 2364 1226 2438; x_wconf 91' lang='lat' dir='ltr'><strong>coepit</strong></span> <span class='ocrx_word' id='word_1_194' title='bbox 1237 2365 1267 2422; x_wconf 92' lang='lat' dir='ltr'><strong>in</strong></span> 
     </span>
     <span class='ocr_line' id='line_1_25' title="bbox 264 2437 1269 2513; baseline 0.003 -16"><span class='ocrx_word' id='word_1_195' title='bbox 264 2441 373 2498; x_wconf 90' lang='lat' dir='ltr'><strong>crimen</strong></span> <span class='ocrx_word' id='word_1_196' title='bbox 393 2446 423 2498; x_wconf 91' lang='lat' dir='ltr'><strong>et</strong></span> <span class='ocrx_word' id='word_1_197' title='bbox 441 2439 698 2513; x_wconf 87' lang='lat' dir='ltr'><strong>reprehensionem</strong></span> <span class='ocrx_word' id='word_1_198' title='bbox 718 2439 915 2498; x_wconf 89' lang='lat' dir='ltr'><strong>modestorum</strong></span> <span class='ocrx_word' id='word_1_199' title='bbox 929 2445 959 2497; x_wconf 90' lang='lat' dir='ltr'><strong>et</strong></span> <span class='ocrx_word' id='word_1_200' title='bbox 971 2437 1163 2512; x_wconf 87' lang='lat' dir='ltr'><strong>prudentium</strong></span> <span class='ocrx_word' id='word_1_201' title='bbox 1175 2441 1269 2500; x_wconf 88' lang='lat' dir='ltr'><strong>ineur-</strong></span> 
     </span>
     <span class='ocr_line' id='line_1_26' title="bbox 262 2517 1269 2590; baseline 0.002 -16"><span class='ocrx_word' id='word_1_202' title='bbox 262 2534 343 2590; x_wconf 89' lang='lat' dir='ltr'><strong>rere,</strong></span> <span class='ocrx_word' id='word_1_203' title='bbox 368 2518 520 2589; x_wconf 90' lang='lat' dir='ltr'><strong>notarique</strong></span> <span class='ocrx_word' id='word_1_204' title='bbox 547 2534 565 2575; x_wconf 94' lang='lat' dir='ltr'><strong>a</strong></span> <span class='ocrx_word' id='word_1_205' title='bbox 589 2517 687 2574; x_wconf 89' lang='lat' dir='ltr'><strong>multis</strong></span> <span class='ocrx_word' id='word_1_206' title='bbox 714 2519 836 2571; x_wconf 68' lang='lat' dir='ltr'><strong>caesnia</strong></span> <span class='ocrx_word' id='word_1_207' title='bbox 862 2518 1004 2571; x_wconf 76' lang='lat' dir='ltr'><strong>insolentia</strong></span> <span class='ocrx_word' id='word_1_208' title='bbox 1029 2521 1060 2575; x_wconf 93' lang='lat' dir='ltr'><strong>et</strong></span> <span class='ocrx_word' id='word_1_209' title='bbox 1085 2519 1221 2574; x_wconf 66' lang='lat' dir='ltr'><strong>ambacu</strong></span> <span class='ocrx_word' id='word_1_210' title='bbox 1239 2524 1269 2578; x_wconf 89' lang='lat' dir='ltr'><strong>et</strong></span> 
     </span>
     <span class='ocr_line' id='line_1_27' title="bbox 262 2591 1270 2668; baseline 0 -16"><span class='ocrx_word' id='word_1_211' title='bbox 262 2592 370 2667; x_wconf 81' lang='lat' dir='ltr'><strong>frigida</strong></span> <span class='ocrx_word' id='word_1_212' title='bbox 384 2611 454 2653; x_wconf 88' lang='lat' dir='ltr'><strong>cura</strong></span> <span class='ocrx_word' id='word_1_213' title='bbox 466 2611 564 2653; x_wconf 90' lang='lat' dir='ltr'><strong>rerum</strong></span> <span class='ocrx_word' id='word_1_214' title='bbox 574 2593 830 2650; x_wconf 89' lang='lat' dir='ltr'><strong>minutissimarum</strong></span> <span class='ocrx_word' id='word_1_215' title='bbox 837 2591 884 2663; x_wconf 80' lang='lat'><strong>¹⁷),</strong></span> <span class='ocrx_word' id='word_1_216' title='bbox 899 2592 952 2651; x_wconf 91' lang='lat' dir='ltr'><strong>sed</strong></span> <span class='ocrx_word' id='word_1_217' title='bbox 961 2608 1102 2665; x_wconf 90' lang='lat' dir='ltr'><strong>nusquam</strong></span> <span class='ocrx_word' id='word_1_218' title='bbox 1111 2593 1168 2653; x_wconf 89' lang='lat' dir='ltr'><strong>hoc</strong></span> <span class='ocrx_word' id='word_1_219' title='bbox 1179 2611 1270 2668; x_wconf 79' lang='lat' dir='ltr'><strong>genus</strong></span> 
     </span>
     <span class='ocr_line' id='line_1_28' title="bbox 210 2668 1269 2746; baseline 0.002 -18"><span class='ocrx_word' id='word_1_220' title='bbox 210 2674 379 2728; x_wconf 68' lang='lat' dir='ltr'><strong>arelatentis</strong></span> <span class='ocrx_word' id='word_1_221' title='bbox 399 2677 429 2729; x_wconf 90' lang='lat' dir='ltr'><strong>et</strong></span> <span class='ocrx_word' id='word_1_222' title='bbox 447 2672 586 2743; x_wconf 77' lang='grc' dir='ltr'><em>αοοιοοίοο,</em></span> <span class='ocrx_word' id='word_1_223' title='bbox 607 2669 684 2741; x_wconf 88' lang='lat' dir='ltr'><strong>quod</strong></span> <span class='ocrx_word' id='word_1_224' title='bbox 702 2668 790 2728; x_wconf 92' lang='lat' dir='ltr'><strong>hodie</strong></span> <span class='ocrx_word' id='word_1_225' title='bbox 811 2669 926 2728; x_wconf 83' lang='lat' dir='ltr'><strong>Griticis</strong></span> <span class='ocrx_word' id='word_1_226' title='bbox 944 2669 1031 2729; x_wconf 88' lang='lat' dir='ltr'><strong>obiici</strong></span> <span class='ocrx_word' id='word_1_227' title='bbox 1049 2669 1134 2729; x_wconf 87' lang='lat' dir='ltr'><strong>solet</strong></span> <span class='ocrx_word' id='word_1_228' title='bbox 1166 2673 1269 2746; x_wconf 87' lang='lat' dir='ltr'><strong>Neque</strong></span> 
     </span>
    </p>
   </div>
   <div class='ocr_carea' id='block_1_3' title="bbox 262 2844 1268 3105">
    <p class='ocr_par' dir='ltr' id='par_1_5' title="bbox 262 2844 1268 3105">
     <span class='ocr_line' id='line_1_29' title="bbox 330 2844 1265 2916; baseline 0.01 -19"><span class='ocrx_word' id='word_1_229' title='bbox 330 2847 366 2911; x_wconf 80' lang='grc'><strong>16)</strong></span> <span class='ocrx_word' id='word_1_230' title='bbox 385 2844 439 2900; x_wconf 84' lang='lat' dir='ltr'><strong>Cic.</strong></span> <span class='ocrx_word' id='word_1_231' title='bbox 456 2844 481 2898; x_wconf 88' lang='grc' dir='ltr'>Ε</span> <span class='ocrx_word' id='word_1_232' title='bbox 501 2862 528 2913; x_wconf 92' lang='lat' dir='ltr'><strong>p.</strong></span> <span class='ocrx_word' id='word_1_233' title='bbox 546 2846 581 2899; x_wconf 93' lang='lat' dir='ltr'><strong>ad</strong></span> <span class='ocrx_word' id='word_1_234' title='bbox 597 2844 692 2899; x_wconf 89' lang='lat' dir='ltr'><strong>Famil.</strong></span> <span class='ocrx_word' id='word_1_235' title='bbox 711 2844 775 2912; x_wconf 89' lang='lat' dir='ltr'><strong>VH,</strong></span> <span class='ocrx_word' id='word_1_236' title='bbox 802 2849 824 2901; x_wconf 91' lang='lat'><strong>1.</strong></span> <span class='ocrx_word' id='word_1_237' title='bbox 843 2846 909 2899; x_wconf 91' lang='lat' dir='ltr'><strong>Hor.</strong></span> <span class='ocrx_word' id='word_1_238' title='bbox 927 2846 1011 2900; x_wconf 88' lang='lat' dir='ltr'><strong>Serm.</strong></span> <span class='ocrx_word' id='word_1_239' title='bbox 1028 2846 1051 2915; x_wconf 85' lang='lat' dir='ltr'><strong>I,</strong></span> <span class='ocrx_word' id='word_1_240' title='bbox 1071 2852 1112 2916; x_wconf 89' lang='grc'><strong>10,</strong></span> <span class='ocrx_word' id='word_1_241' title='bbox 1129 2853 1174 2906; x_wconf 84' lang='grc'><strong>38.</strong></span> <span class='ocrx_word' id='word_1_242' title='bbox 1192 2852 1226 2906; x_wconf 76' lang='lat' dir='ltr'><strong>A.</strong></span> <span class='ocrx_word' id='word_1_243' title='bbox 1237 2851 1265 2906; x_wconf 90' lang='lat' dir='ltr'><strong>P.</strong></span> 
     </span>
     <span class='ocr_line' id='line_1_30' title="bbox 262 2913 1268 2987; baseline 0.007 -20"><span class='ocrx_word' id='word_1_244' title='bbox 262 2914 323 2969; x_wconf 80' lang='grc'><strong>387.</strong></span> <span class='ocrx_word' id='word_1_245' title='bbox 357 2913 399 2967; x_wconf 91' lang='lat' dir='ltr'><strong>lbi</strong></span> <span class='ocrx_word' id='word_1_246' title='bbox 418 2930 470 2967; x_wconf 90' lang='lat' dir='ltr'><strong>eun</strong></span> <span class='ocrx_word' id='word_1_247' title='bbox 490 2930 532 2967; x_wconf 92' lang='lat' dir='ltr'><strong>em</strong></span> <span class='ocrx_word' id='word_1_248' title='bbox 550 2914 668 2982; x_wconf 89' lang='lat' dir='ltr'><strong>Tarpam</strong></span> <span class='ocrx_word' id='word_1_249' title='bbox 686 2913 855 2968; x_wconf 87' lang='lat' dir='ltr'><strong>Scholiastae</strong></span> <span class='ocrx_word' id='word_1_250' title='bbox 869 2915 997 2968; x_wconf 84' lang='lat' dir='ltr'><strong>Criticum</strong></span> <span class='ocrx_word' id='word_1_251' title='bbox 1015 2921 1044 2968; x_wconf 86' lang='lat' dir='ltr'><strong>et</strong></span> <span class='ocrx_word' id='word_1_252' title='bbox 1061 2917 1268 2987; x_wconf 79' lang='lat' dir='ltr'><strong>emendatorem,</strong></span> 
     </span>
     <span class='ocr_line' id='line_1_31' title="bbox 262 2982 1265 3105; baseline 0.01 -72"><span class='ocrx_word' id='word_1_253' title='bbox 262 2982 497 3105; x_wconf 43' lang='lat' dir='ltr'><strong>&amp;drffnligzmmggda</strong></span> <span class='ocrx_word' id='word_1_254' title='bbox 497 2983 589 3104; x_wconf 64' lang='lat' dir='ltr'><strong>1ptosrii</strong></span> <span class='ocrx_word' id='word_1_255' title='bbox 608 3001 719 3035; x_wconf 79' lang='lat' dir='ltr'><strong>severum</strong></span> <span class='ocrx_word' id='word_1_256' title='bbox 732 2983 881 3050; x_wconf 73' lang='lat' dir='ltr'><strong>doctumque</strong></span> <span class='ocrx_word' id='word_1_257' title='bbox 894 2984 1036 3036; x_wconf 79' lang='lat' dir='ltr'><strong>auditorem</strong></span> <span class='ocrx_word' id='word_1_258' title='bbox 1049 2994 1073 3036; x_wconf 81' lang='lat' dir='ltr'><strong>et</strong></span> <span class='ocrx_word' id='word_1_259' title='bbox 1085 2988 1265 3042; x_wconf 63' lang='lat' dir='ltr'><strong>minatorem</strong></span> 
     </span>
    </p>
   </div>
   <div class='ocr_carea' id='block_1_4' title="bbox 256 3134 1266 3822">
    <p class='ocr_par' dir='ltr' id='par_1_6' title="bbox 256 3134 1266 3822">
     <span class='ocr_line' id='line_1_32' title="bbox 329 3134 1266 3208; baseline 0.009 -20"><span class='ocrx_word' id='word_1_260' title='bbox 329 3136 364 3200; x_wconf 64' lang='grc' dir='ltr'><strong>1ἵ)</strong></span> <span class='ocrx_word' id='word_1_261' title='bbox 382 3134 450 3188; x_wconf 84' lang='lat' dir='ltr'><strong>Vide</strong></span> <span class='ocrx_word' id='word_1_262' title='bbox 470 3134 598 3188; x_wconf 90' lang='lat' dir='ltr'><strong>Herodici</strong></span> <span class='ocrx_word' id='word_1_263' title='bbox 609 3135 761 3203; x_wconf 87' lang='lat' dir='ltr'><strong>Babylonii,</strong></span> <span class='ocrx_word' id='word_1_264' title='bbox 782 3143 810 3190; x_wconf 92' lang='lat' dir='ltr'><strong>et</strong></span> <span class='ocrx_word' id='word_1_265' title='bbox 821 3137 978 3204; x_wconf 88' lang='lat' dir='ltr'><strong>supparium</strong></span> <span class='ocrx_word' id='word_1_266' title='bbox 989 3137 1103 3193; x_wconf 88' lang='lat' dir='ltr'><strong>Horatio</strong></span> <span class='ocrx_word' id='word_1_267' title='bbox 1116 3147 1266 3208; x_wconf 77' lang='lat' dir='ltr'><strong>poetarum,</strong></span> 
     </span>
     <span class='ocr_line' id='line_1_33' title="bbox 260 3203 1262 3273; baseline 0.004 -17"><span class='ocrx_word' id='word_1_268' title='bbox 260 3203 424 3271; x_wconf 89' lang='lat' dir='ltr'><strong>Antiphanis</strong></span> <span class='ocrx_word' id='word_1_269' title='bbox 443 3203 550 3256; x_wconf 89' lang='lat' dir='ltr'><strong>Maced.</strong></span> <span class='ocrx_word' id='word_1_270' title='bbox 564 3204 735 3272; x_wconf 90' lang='lat' dir='ltr'><strong>Philippique</strong></span> <span class='ocrx_word' id='word_1_271' title='bbox 748 3204 905 3258; x_wconf 88' lang='lat' dir='ltr'><strong>Thessalon.</strong></span> <span class='ocrx_word' id='word_1_272' title='bbox 924 3204 1091 3273; x_wconf 82' lang='lat' dir='ltr'><strong>Epigramm.</strong></span> <span class='ocrx_word' id='word_1_273' title='bbox 1109 3209 1262 3263; x_wconf 81' lang='lat' dir='ltr'><strong>inBrrmclr.</strong></span> 
     </span>
     <span class='ocr_line' id='line_1_34' title="bbox 260 3271 1262 3341; baseline 0.008 -18"><span class='ocrx_word' id='word_1_274' title='bbox 260 3271 340 3324; x_wconf 88' lang='lat' dir='ltr'><strong>Anal.</strong></span> <span class='ocrx_word' id='word_1_275' title='bbox 359 3273 394 3326; x_wconf 91' lang='lat' dir='ltr'><strong>ll.</strong></span> <span class='ocrx_word' id='word_1_276' title='bbox 414 3289 441 3339; x_wconf 91' lang='lat' dir='ltr'><strong>p.</strong></span> <span class='ocrx_word' id='word_1_277' title='bbox 459 3274 501 3325; x_wconf 89' lang='lat'><strong>65.</strong></span> <span class='ocrx_word' id='word_1_278' title='bbox 519 3274 575 3328; x_wconf 79' lang='lat'>205.</span> <span class='ocrx_word' id='word_1_279' title='bbox 597 3272 628 3325; x_wconf 91' lang='lat' dir='ltr'><strong>V.</strong></span> <span class='ocrx_word' id='word_1_280' title='bbox 647 3290 672 3341; x_wconf 91' lang='lat' dir='ltr'><strong>p.</strong></span> <span class='ocrx_word' id='word_1_281' title='bbox 693 3277 752 3327; x_wconf 84' lang='lat'>223.</span> <span class='ocrx_word' id='word_1_282' title='bbox 771 3272 871 3326; x_wconf 90' lang='lat' dir='ltr'><strong>XLlll.</strong></span> <span class='ocrx_word' id='word_1_283' title='bbox 890 3272 987 3327; x_wconf 88' lang='lat' dir='ltr'>XLIV.</span> <span class='ocrx_word' id='word_1_284' title='bbox 1012 3275 1134 3341; x_wconf 86' lang='lat' dir='ltr'><strong>(Anthol.</strong></span> <span class='ocrx_word' id='word_1_285' title='bbox 1153 3277 1262 3331; x_wconf 88' lang='lat' dir='ltr'><strong>Planud.</strong></span> 
     </span>
     <span class='ocr_line' id='line_1_35' title="bbox 260 3338 1263 3413; baseline 0.006 -23"><span class='ocrx_word' id='word_1_286' title='bbox 260 3338 295 3407; x_wconf 87' lang='grc' dir='ltr'><strong>ΙΙ,</strong></span> <span class='ocrx_word' id='word_1_287' title='bbox 318 3343 369 3408; x_wconf 86' lang='grc'>10.)</span> <span class='ocrx_word' id='word_1_288' title='bbox 392 3340 439 3393; x_wconf 91' lang='lat' dir='ltr'><strong>ubi</strong></span> <span class='ocrx_word' id='word_1_289' title='bbox 462 3339 585 3394; x_wconf 88' lang='lat' dir='ltr'><strong>ridentur</strong></span> <span class='ocrx_word' id='word_1_290' title='bbox 602 3339 627 3393; x_wconf 89' lang='grc' dir='ltr'><em>Γ</em></span> <span class='ocrx_word' id='word_1_291' title='bbox 643 3341 787 3405; x_wconf 70' lang='lat' dir='ltr'><strong>appareret</strong></span> <span class='ocrx_word' id='word_1_292' title='bbox 814 3338 914 3405; x_wconf 78' lang='grc' dir='ltr'><em>Μώμου</em></span> <span class='ocrx_word' id='word_1_293' title='bbox 940 3343 1035 3408; x_wconf 82' lang='grc' dir='ltr'><em>τέκνα,</em></span> <span class='ocrx_word' id='word_1_294' title='bbox 1063 3341 1263 3413; x_wconf 82' lang='grc' dir='ltr'><em>Ζηνοδότοο</em></span> 
     </span>
     <span class='ocr_line' id='line_1_36' title="bbox 259 3408 1263 3485; baseline 0.005 -26"><span class='ocrx_word' id='word_1_295' title='bbox 259 3408 445 3469; x_wconf 79' lang='grc' dir='ltr'><em>σκύλακες,</em></span> <span class='ocrx_word' id='word_1_296' title='bbox 462 3408 493 3458; x_wconf 82' lang='grc' dir='ltr'><strong>οἳ</strong></span> <span class='ocrx_word' id='word_1_297' title='bbox 510 3408 589 3478; x_wconf 77' lang='grc' dir='ltr'><em>περὶ</em></span> <span class='ocrx_word' id='word_1_298' title='bbox 639 3410 847 3480; x_wconf 77' lang='grc' dir='ltr'><em>ολλίμαχον,</em></span> <span class='ocrx_word' id='word_1_299' title='bbox 866 3408 944 3476; x_wconf 77' lang='grc' dir='ltr'><em>οἵτ’</em></span> <span class='ocrx_word' id='word_1_300' title='bbox 963 3411 1020 3463; x_wconf 84' lang='grc' dir='ltr'><strong>ἀπ’</strong></span> <span class='ocrx_word' id='word_1_301' title='bbox 1038 3411 1263 3485; x_wconf 76' lang='grc' dir='ltr'><strong><em>Ἀριστάρχου</em></strong></span> 
     </span>
     <span class='ocr_line' id='line_1_37' title="bbox 258 3475 1261 3622; baseline 0.005 -27"><span class='ocrx_word' id='word_1_302' title='bbox 258 3480 342 3597; x_wconf 48' lang='lat' dir='ltr'><strong>iii?</strong></span> <span class='ocrx_word' id='word_1_303' title='bbox 369 3475 558 3612; x_wconf 51' lang='grc' dir='ltr'><strong>ἷέἷῖθίἒῖξῖἓ</strong></span> <span class='ocrx_word' id='word_1_304' title='bbox 579 3477 1261 3622; x_wconf 58' lang='lat' dir='ltr'><strong>illititf’ti‘llllttltit‘hrlttit</strong></span> 
     </span>
     <span class='ocr_line' id='line_1_38' title="bbox 258 3584 1261 3684; baseline 0 -17"><span class='ocrx_word' id='word_1_305' title='bbox 258 3584 395 3667; x_wconf 63' lang='lat' dir='ltr'><strong>NN’etc.</strong></span> <span class='ocrx_word' id='word_1_306' title='bbox 432 3612 560 3668; x_wconf 84' lang='lat' dir='ltr'><strong>Similiter</strong></span> <span class='ocrx_word' id='word_1_307' title='bbox 583 3613 629 3666; x_wconf 91' lang='lat' dir='ltr'><strong>alii</strong></span> <span class='ocrx_word' id='word_1_308' title='bbox 651 3586 728 3682; x_wconf 53' lang='lat' dir='ltr'><strong>post:</strong></span> <span class='ocrx_word' id='word_1_309' title='bbox 747 3620 876 3684; x_wconf 89' lang='lat' dir='ltr'><strong>tanquam</strong></span> <span class='ocrx_word' id='word_1_310' title='bbox 899 3616 1049 3679; x_wconf 85' lang='lat' dir='ltr'><strong>Lucianua,</strong></span> <span class='ocrx_word' id='word_1_311' title='bbox 1075 3624 1175 3673; x_wconf 86' lang='lat' dir='ltr'><strong>notans</strong></span> <span class='ocrx_word' id='word_1_312' title='bbox 1198 3622 1261 3671; x_wconf 80' lang='grc' dir='ltr'><strong>τῶν</strong></span> 
     </span>
     <span class='ocr_line' id='line_1_39' title="bbox 257 3679 1260 3755; baseline 0.001 -21"><span class='ocrx_word' id='word_1_313' title='bbox 257 3682 344 3749; x_wconf 82' lang='grc' dir='ltr'><strong><em>ἀμφὶ</em></strong></span> <span class='ocrx_word' id='word_1_314' title='bbox 370 3684 426 3735; x_wconf 80' lang='grc' dir='ltr'><strong>τὸν</strong></span> <span class='ocrx_word' id='word_1_315' title='bbox 455 3679 653 3750; x_wconf 76' lang='grc' dir='ltr'><em>Ζηνόδοτον</em></span> <span class='ocrx_word' id='word_1_316' title='bbox 678 3683 731 3734; x_wconf 83' lang='grc' dir='ltr'><strong>καὶ</strong></span> <span class='ocrx_word' id='word_1_317' title='bbox 759 3683 1260 3755; x_wconf 76' lang='grc' dir='ltr'><em>Ἆρίοταρχονγραμματικῶν</em></span> 
     </span>
     <span class='ocr_line' id='line_1_40' title="bbox 256 3749 1004 3822; baseline 0.007 -20"><span class='ocrx_word' id='word_1_318' title='bbox 256 3749 358 3820; x_wconf 78' lang='grc' dir='ltr'><em>πολλὴν</em></span> <span class='ocrx_word' id='word_1_319' title='bbox 378 3753 427 3822; x_wconf 75' lang='grc' dir='ltr'><strong>τὴν</strong></span> <span class='ocrx_word' id='word_1_320' title='bbox 446 3749 637 3820; x_wconf 66' lang='grc' dir='ltr'><em>ψυχρολογίαν.</em></span> <span class='ocrx_word' id='word_1_321' title='bbox 674 3749 736 3806; x_wconf 87' lang='lat' dir='ltr'><strong>Ver.</strong></span> <span class='ocrx_word' id='word_1_322' title='bbox 754 3751 829 3806; x_wconf 86' lang='lat' dir='ltr'><strong>Hist.</strong></span> <span class='ocrx_word' id='word_1_323' title='bbox 844 3753 880 3810; x_wconf 90' lang='grc' dir='ltr'><strong>ΙΙ.</strong></span> <span class='ocrx_word' id='word_1_324' title='bbox 899 3769 926 3821; x_wconf 89' lang='lat' dir='ltr'><strong>p.</strong></span> <span class='ocrx_word' id='word_1_325' title='bbox 948 3754 1004 3809; x_wconf 82' lang='lat'>117.</span> 
     </span>
    </p>
   </div>
   <div class='ocr_carea' id='block_1_5' title="bbox 0 0 1522 4434">
    <p class='ocr_par' dir='ltr' id='par_1_7' title="bbox 0 0 1522 4434">
     <span class='ocr_line' id='line_1_41' title="bbox 0 0 1522 4434; baseline 0 5"><span class='ocrx_word' id='word_1_326' title='bbox 0 0 1522 4434; x_wconf 95' lang='lat' dir='ltr'><strong> </strong></span> 
     </span>
    </p>
   </div>
  </div>
 </body>
</html>
