3034 4434
538 648 541 654 .
626 574 806 628 -rss-

214 715 276 788 ipse
289 711 451 792 φιλόμηρος
463 712 571 786 1111111),
593 718 680 785 atque
693 713 847 787 Epiphane
860 718 922 772 tum
935 714 1059 772 maxime
1073 712 1218 787 imperan-

213 792 289 850 tibus
310 791 441 850 illustris.
480 791 508 849 Is
537 791 693 850 secundum
715 790 922 849 Callimachum
943 795 973 848 et
991 790 1216 850 Eratosthenem

213 870 345 942 princeps
367 868 507 927 acerrimo
528 868 625 927 studio
640 867 833 938 cognitionem
847 872 999 942 poetarum
1014 874 1045 925 et
1058 884 1155 927 omnes
1169 869 1217 926 lit·

212 953 290 1004 teras
310 945 494 1016 antiquitatis
515 946 663 1018 amplexus
670 943 717 1015 ⁸⁶),
738 944 776 1002 ad
798 945 960 1017 exemplum
980 945 1216 1018 philosophorum

212 1027 241 1080 et
259 1022 410 1081 rhetorum
430 1023 646 1095 grammaticam
667 1020 794 1079 scholam
815 1022 944 1094 apernit,
972 1038 1009 1080 ex
1036 1038 1094 1094 qua
1114 1028 1144 1081 et
1163 1022 1214 1081 alii

212 1099 357 1158 Homerici
378 1099 561 1172 prodierunt,
590 1098 729 1169 equibus
754 1098 899 1170 hodieque
924 1103 985 1157 tres
1013 1099 1075 1159 noti
1095 1098 1215 1171 sunt⁸⁷),

275 1308 311 1376 ⁸⁵)
329 1307 435 1363 Aelian.
453 1305 485 1362 V.
503 1306 538 1361 H.
556 1306 632 1374 XIII,
650 1308 693 1360 22.

276 1393 313 1457 ⁸⁶)
332 1392 420 1447 Studii
438 1391 589 1460 pertinacia
606 1391 768 1460 intelligitur
785 1391 902 1444 maxima
919 1389 1002 1444 luisse
1023 1406 1058 1446 ex
1076 1391 1142 1447 locis
1160 1394 1215 1450 Cic.

210 1461 242 1516 de
260 1461 292 1515 F.
311 1460 343 1515 B.
363 1466 391 1514 et
408 1461 447 1515 M.
467 1460 499 1527 V,
520 1465 558 1515 19.
578 1466 605 1513 et
622 1458 752 1514 Varronis
771 1461 804 1514 de
822 1460 854 1512 L.
873 1458 904 1511 1..
922 1456 969 1512 IV.
987 1459 1072 1526 princ.
1091 1460 1138 1514 ubi
1155 1463 1217 1516 Ari·

210 1529 335 1597 stophaui
353 1532 460 1581 lucerua
479 1528 621 1596 tribuitur,
646 1529 728 1581 etiam
753 1543 788 1581 ex
805 1527 919 1581 ridicula
936 1527 1091 1581 narratione
1109 1527 1215 1585 Vitruv.

210 1597 296 1653 Praei.
309 1597 379 1664 VH.,
406 1613 459 1664 qua
476 1616 559 1648 ornnes
576 1598 654 1648 libros
671 1615 702 1648 ca·
719 1596 811 1647 ordine
829 1596 941 1661 quotidie
957 1614 1055 1647 1111111111
1072 1597 1212 1664 diligentia

209 1668 345 1732 perceptae
368 1666 462 1720 fertur.
498 1664 576 1732 Quod
599 1680 686 1718 nemo¹
703 1664 830 1718 aliorsum
854 1665 927 1728 (nam
950 1663 1078 1731 pinguius
1095 1662 1217 1732 loquitur

210 1735 395 1802 Architectus)
415 1749 495 1801 quam
513 1733 548 1786 ad
566 1733 701 1787 assiduam
714 1732 857 1786 lectionem
869 1730 1041 1784 classicorum
1053 1732 1216 1799 scriptorum

209 1802 376 1870 docendique
396 1817 505 1869 operam
524 1801 622 1855 trahet.
658 1801 710 1854 Hic
727 1800 794 1853 mihi
812 1800 840 1852 in
858 1804 975 1853 mentem
993 1799 1068 1853 venit
1080 1800 1131 1853 viri
1142 1800 1230 1854 docti

208 1869 370 1924 ferventiore
383 1870 498 1938 ingenio,
518 1885 597 1938 quem
615 1884 702 1937 nuper
714 1867 815 1937 audiri,
834 1884 915 1936 quum
928 1867 1107 1936 praedicaret,
1125 1870 1216 1924 adole·

211 1939 360 1992 scentulum
384 1954 413 1992 se
431 1944 489 1992 tota
507 1938 594 1991 Biblia
613 1953 691 1991 sacra
708 1936 780 1990 inter
796 1936 940 2006 prandium
959 1942 987 1991 et
1004 1937 1141 2004 potionem
1159 1937 1213 1992 cal·

184 2048 187 2053 ,
210 2006 260 2060 dae
278 2006 413 2061 Arabicae
432 2006 573 2074 perlegere
592 2006 699 2060 solitum
718 2020 786 2059 esse.

276 2092 314 2158 81)
331 2091 466 2170 Agalliam
484 2092 662 2159 Corcyraeum
686 2090 740 2144 iam
759 2090 824 2144 alibi
841 2090 965 2159 produxi.
999 2089 1068 2146 Eius
1086 2091 1216 2147 condisci-

210 2159 287 2228 pulos
312 2175 434 2213 norrmus
457 2160 537 2227 duos,
560 2159 723 2226 Diodorum,
752 2159 829 2213 cuius
855 2158 948 2227 inepta
970 2162 1100 2214 correctio
1121 2161 1217 2230 Odyss.

210 2230 232 2282 δ.
253 2232 293 2283 18.
312 2229 373 2279 καθ’
393 2228 492 2287 αὑτοὺς
508 2227 676 2294 improbatur
694 2228 728 2281 ab
745 2226 845 2281 Athen.
857 2226 904 2280 IV.
923 2243 950 2294 p.
964 2231 1021 2281 180.
1038 2227 1072 2282 E.
1090 2233 1118 2282 et
1134 2229 1216 2284 huius

208 2296 395 2364 compilatore,
417 2295 555 2363 Eustath.,
579 2294 626 2363 qui
649 2301 677 2349 et
699 2312 726 2364 p.
747 2298 824 2349 1504.
860 2295 997 2364 Διόδωρον
1018 2293 1210 2416 Γίαμματικὸν

208 2364 309 2431 laudat,
327 2364 361 2423 ab
380 2364 434 2431 illo,
451 2371 482 2418 ut
498 2370 574 2432 puto,
593 2369 620 2416 et
639 2379 679 2431 eo,
703 2363 780 2418 cuius
798 2362 885 2417 Schol.
904 2362 987 2426 Pina„
998 2363 1038 2415 Ist
1057 2380 1092 2416 m.
1109 2364 1146 2431 11,
1164 2370 1206 2419 54.

209 2432 342 2500 meminit,
369 2449 423 2486 non
441 2433 589 2500 diversum,
613 2437 695 2499 atque
714 2431 910 2497 Callistratum,
940 2431 985 2497 qui
1012 2445 1055 2497 ap.
1073 2431 1172 2485 Athen.
1191 2433 1215 2486 Ι.

208 2517 233 2570 p.
251 2506 293 2555 21.
314 2500 334 2554 C
361 2501 547 2555 Aristarchum
566 2500 665 2554 acriter
682 2500 807 2567 castigat,
825 2514 879 2551 non
891 2497 925 2550 ob
938 2498 1037 2551 malam
1050 2498 1215 2569 emendatio·

208 2585 275 2637 nem,
294 2569 342 2622 sed
360 2569 431 2636 quod
449 2570 474 2622 ei
486 2570 593 2635 pallium
606 2569 749 2620 diascdiaaer
762 2571 853 2632 impar.
889 2565 965 2619 Idem
978 2565 1150 2619 Callistratus
1162 2571 1213 2634 est,

208 2639 283 2692 ouius
301 2637 484 2691 commentarii
497 2637 559 2690 olim
571 2636 729 2690 ferebantur
741 2634 776 2689 ad
788 2635 943 2702 Homerum,
961 2632 1117 2701 Pindarum,
1135 2633 1214 2688 Euri·

209 2706 307 2774 pidem,
325 2705 543 2773 Aristophanem,
561 2704 664 2758 laudati
676 2703 832 2758 Scholiastis
849 2703 948 2755 nostris
965 2706 993 2755 et
1011 2702 1075 2757 alibi
1094 2707 1122 2755 et
1134 2701 1170 2756 ad
1180 2701 1214 2759 Il.

209 2775 235 2828 in
258 2789 307 2828 sex
337 2773 496 2827 lectionibus
519 2779 553 2842 (γ.
574 2777 613 2827 18.
638 2774 660 2833 ζ.
678 2777 737 2827 434.
761 2791 789 2837 μ.
807 2776 849 2827 25.
873 2790 902 2838 φ.
923 2773 980 2825 126,
1003 2790 1035 2823 ον,
1055 2775 1111 2826 134.
1135 2772 1206 2840 213.)

209 2857 243 2896 ex
268 2842 396 2909 operibus
413 2841 514 2904 tribus,
542 2855 612 2909 quae
630 2841 720 2895 omnia
737 2840 781 2894 111
799 2839 835 2893 ad
851 2839 1102 2906 interpretationem
1120 2839 1164 2892 vel
1180 2838 1216 2894 ad

210 2909 426 2964 emendationem
449 2909 528 2964 Hom.
557 2909 754 2977 pertinuerunt.
796 2907 954 2976 Quanquam
983 2905 1018 2961 ad
1043 2925 1069 2975 r.
1094 2911 1133 2962 18.
1157 2907 1215 2962 eius
1270 2933 1273 2937 ·

210 2981 320 3031 recensio
339 2976 451 3032 affertur
468 2979 497 3031 ἐν
517 2981 577 3037 ταῖς
590 2977 797 3048 χαριεστάταις.
838 2975 924 3030 Unam
943 2975 1125 3031 coniecturam
1147 2975 1214 3044 eius,

206 3065 234 3110 μ.
252 3051 295 3101 25.
314 3045 343 3098 ἓν
364 3047 392 3097 δ’
410 3046 495 3117 ἦμαρ,
514 3046 624 3100 deorum
636 3045 744 3098 numine
757 3060 838 3112 quam
850 3043 967 3098 Homero
987 3043 1144 3114 digniorem,
1163 3045 1215 3101 etsi

207 3114 377 3181 lenissimam,
396 3120 539 3183 antequam
558 3121 652 3168 auctor
669 3113 840 3167 Callistratus
858 3112 1021 3194 innotuerat,
1039 3129 1074 3167 ex
1086 3112 1214 3168 Mosaicis

206 3183 356 3238 rationibus
373 3182 467 3236 reiecit
484 3183 595 3236 Barnes.
624 3181 714 3235 Aliam
726 3181 808 3235 etiam
820 3180 949 3235 leniorem
961 3187 1143 3237 comecturam
1156 3180 1214 3235 eius

206 3267 228 3304 1.
246 3251 275 3304 in
294 3250 385 3305 Schol.
412 3249 474 3305 min.
502 3256 530 3304 ct
548 3249 627 3306 Eust.
646 3250 681 3303 ad
699 3249 794 3319 Odyss.
812 3268 840 3319 ρ.
858 3253 918 3304 455.
952 3251 991 3304 At
1009 3255 1039 3304 ut
1056 3250 1137 3320 longe
1154 3249 1214 3304 istis

208 3320 302 3388 peiora
319 3319 422 3387 luserit,
465 3325 593 3374 otuerunt
609 3324 701 3372 tamen
720 3326 747 3371 11
767 3317 825 3372 eius
843 3324 871 3371 et
887 3317 1008 3398 priorum
1028 3317 1142 3373 duorum
1160 3317 1214 3372 alia

206 3389 304 3442 merita
316 3402 375 3441 esse
387 3387 414 3440 in
454 3404 581 3456 omarum,
599 3402 668 3455 quae
681 3402 753 3441 nunc
765 3386 874 3455 penitus
885 3392 1053 3455 rgnorantur.
1084 3387 1212 3441 Ceterum

206 3455 280 3524 quod
297 3455 409 3508 arbelam
420 3455 610 3524 Aristophanis
628 3461 757 3577 tanguam
775 3471 874 3509 novum
885 3455 1038 3510 institutum
1051 3469 1211 3532 commemo·

206 3526 275 3592 ravi,
295 3540 350 3578 non
373 3529 439 3592 puto
457 3523 529 3578 idem
548 3524 580 3585 de
597 3525 670 3578 Zeno
691 3529 735 3577 oto
753 3537 818 3577 vere
837 3523 890 3578 dici
927 3539 993 3578 osse.
1030 3523 1118 3577 Huius
1137 3537 1209 3574 emm

205 3593 348 3662 disciplina
365 3607 497 3714 nuspuam
514 3592 648 3660 laudatur,
671 3606 722 3646 nec
740 3592 882 3660 quisquam
901 3538 1087 3670 gaveiham·
1096 3589 1208 3669 proprio

206 3663 326 3728 nomine,
349 3660 401 3714 nisi
430 3667 488 3715 orte
505 3661 559 3715 huc
576 3661 679 3715 referre
697 3661 765 3714 velis
783 3660 927 3729 aliquoties
944 3660 973 3713 in
990 3659 1103 3713 Schohrs
1121 3657 1209 3712 dictos

206 3729 270 3791 τοὺς
292 3729 359 3798 περὶ
381 3726 548 3799 Ζηνόδοτον,
572 3734 603 3783 ut
625 3747 651 3798 η.
669 3733 728 3783 452.
756 3747 780 3782 ο.
798 3733 841 3783 86.
884 3728 937 3783 Sed
953 3727 1022 3780 haec
1038 3725 1156 3781 formula
1171 3724 1211 3780 lo·

205 3798 306 3865 quendi
323 3797 415 3866 potius
432 3797 641 3866 adstipulatores
658 3795 793 3865 significat
810 3811 892 3864 quam
908 3800 1063 3852 sectatores.
1090 3794 1149 3849 Hos
1165 3809 1216 3863 sp·
