3034 4434
730 509 908 564 ..gg-

315 662 444 718 narretu.
483 655 599 713 Etenim
624 656 666 713 illi
691 654 752 714 fere
773 655 928 715 Pisistrato
957 656 1027 714 dare
1047 656 1185 716 videntur
1205 657 1316 717 codices

316 734 493 806 singularum
512 733 748 806 rhapsodiarum,
775 739 901 806 apodta
924 732 1012 806 forte,
1038 741 1071 792 ut
1091 735 1197 793 Suidas
1225 736 1316 807 docet,

264 812 346 870 usin
365 811 453 869 variis
473 810 601 882 urbibus,
623 827 694 883 quas
714 810 841 883 obierat,
869 811 986 870 relictos
1008 810 1100 869 dicam
1121 829 1160 870 an
1180 813 1317 885 oppigue

265 918 269 926 ·
314 893 409 947 ratos:
430 887 475 944 his
496 888 642 946 codicibus
662 889 834 945 instructum
846 889 927 946 illum
941 889 1061 947 credere
1075 889 1221 962 videntur,
1243 893 1318 961 (nani

316 962 457 1023 affirmate
477 965 556 1036 loqui
575 982 632 1024 non
652 965 783 1037 audent)
805 963 1000 1024 confusionem
1020 967 1172 1039 paullatim
1194 983 1213 1024 a
1233 969 1320 1025 sarci·

268 1085 272 1092 .
314 1041 464 1102 natoribus
486 1041 649 1100 Garminum
680 1040 786 1100 factam
810 1044 975 1115 sustulisse,
1002 1060 1038 1101 ac
1057 1060 1113 1102 non
1134 1049 1195 1100 tam
1216 1060 1319 1104 norum

315 1119 445 1178 ordinem
466 1118 633 1191 designasse
654 1136 739 1191 qnam
758 1120 912 1192 pristinum
934 1125 964 1177 et
977 1121 1130 1192 genuinum
1144 1121 1319 1179 restituisse.

315 1195 380 1254 Huc
409 1213 479 1268 ergo
514 1197 631 1254 trahunt
653 1196 787 1255 Carmina
811 1197 862 1254 illa
891 1201 1018 1269 confusa,
1052 1195 1320 1274 διεσπασμένα,

315 1270 527 1352 διῃρημένα,
547 1271 893 1352 σποράδηναδόμενα,
913 1275 993 1332 velut
1013 1274 1136 1332 disiecta
1157 1279 1188 1332 et
1201 1276 1320 1334 turbata

315 1352 385 1408 vitio
405 1351 628 1423 rhapsodorum;
649 1353 821 1423 omninoque
842 1356 954 1409 tantum
974 1352 1004 1408 in
1023 1352 1078 1409 hoc
1098 1352 1219 1424 negotio
1233 1353 1319 1410 relin-

315 1433 406 1500 quunt
424 1428 545 1501 homini,
573 1430 622 1500 qui
651 1444 686 1486 ex
707 1445 741 1488 eo
762 1429 825 1503 ipso
846 1429 999 1486 maximam
1020 1427 1125 1487 famam
1147 1429 1319 1489 erudit-ionis

315 1512 484 1564 consecutus
511 1505 599 1579 esto,
629 1511 768 1578 quantum
797 1505 884 1564 hodie
913 1505 1058 1563 interdurn
1090 1506 1319 1579 negligentiores

315 1584 471 1656 scriptores
490 1583 656 1654 relinquunt
676 1600 764 1641 curae
784 1583 1038 1655 typographorum.

391 1660 471 1718 Bene
491 1676 522 1718 se
542 1661 684 1718 haberent
703 1661 776 1718 haec
795 1661 899 1730 omnia,
920 1661 945 1717 si
966 1660 1003 1717 de
1024 1677 1112 1733 opere
1133 1663 1228 1720 nostri
1249 1668 1320 1720 tem·

314 1738 398 1810 poris
419 1744 617 1810 quaereretur,
638 1743 689 1796 ant
708 1738 734 1794 si
753 1738 821 1796 olim
835 1737 936 1809 scripti
949 1737 1016 1795 libri
1028 1736 1152 1809 fuissent
1165 1746 1234 1797 ante
1248 1739 1321 1806 Pisi

315 1819 446 1887 stratura,
466 1815 662 1888 rhapsodique
675 1815 758 1883 11111,
780 1815 880 1886 quales
894 1813 930 1872 ab
944 1815 1008 1872 istis
1023 1812 1179 1887 finguntur,
1200 1816 1226 1873 si
1240 1815 1320 1874 deni·

318 2012 354 2063 Oh
374 2012 478 2062 totius
495 2013 566 2067 fere
584 2011 808 2074 antiquitatis
826 2029 1018 2063 1111111111
1036 2012 1228 2062 1111εά11111
1247 2012 1317 2063 ride-

314 2090 367 2143 tur,
383 2081 467 2145 ipsum
484 2079 586 2144 quidem
604 2080 742 2131 Homerum
759 2082 938 2144 cmueripsisse
954 2099 1010 2132 uae
1027 2081 1091 2131 serie
1104 2082 1244 2145 utriusque
1253 2087 1316 2145 pci-

314 2149 389 2200 matis
406 2150 494 2208 libros,
510 2149 666 2212 posterisque
683 2149 737 2198 suis
752 2159 889 2213 perpetuos
906 2167 952 2200 uec
963 2151 1088 2214 dispersos
1104 2149 1253 2213 reliquisse,
1272 2150 1319 2200 scd

314 2217 398 2268 vivum
423 2235 474 2266 111
492 2216 542 2266 nisi
560 2217 715 2280 1111111111,
739 2235 803 2281 quaa
822 2218 850 2266 ia
868 2217 968 2282 oppidis
986 2220 1065 2267 victus
1083 2218 1173 2282 qratia
1192 2216 1318 2278 11111111,

314 2286 444 2350 dispersas
461 2285 576 2336 edidisse.
605 2284 742 2338 Particula
754 2292 813 2350 sere
824 2284 922 2338 Latine
941 2285 1041 2339 utimur
1058 2283 1206 2336 modestiae
1226 2299 1319 2350 causa,

313 2369 368 2407 non
395 2359 425 2406 ut
450 2352 617 2406 mendacium
639 2360 770 2420 tegamus.
815 2353 912 2420 ltaque
935 2354 1022 2421 qualis
1045 2352 1089 2405 ille
1117 2353 1152 2404 sit
1170 2355 1247 2403 totius
1259 2360 1319 2417 sere

314 2423 477 2488 antiquitatis
494 2441 633 2484 consensus,
654 2421 750 2475 docere
769 2437 818 2474 nos
837 2421 960 2475 debehat.
996 2422 1038 2475 Ne
1057 2420 1153 2474 Suidas
1172 2420 1282 2487 quidem
1301 2421 1319 2472 l.

314 2505 337 2543 c.
355 2491 484 2559 concinit,
507 2507 586 2558 quern
610 2508 692 2544 unum
714 2491 751 2543 ibi
774 2489 892 2543 habehat
914 2506 979 2558 prae
999 2489 1095 2543 oculis:
1124 2486 1249 2557 Ἔγραψε
1269 2491 1318 2559 τὴν

312 2556 410 2612 Ἰλιάδα
427 2561 480 2631 οὐχ
498 2559 562 2623 ἅμα,
581 2560 644 2611 οὐδὲ
662 2559 730 2611 κατὰ
749 2560 780 2612 τι)
799 2560 922 2629 συνεχές,
941 2559 1072 2626 καθάπερ
1091 2557 1242 2625 σύγκειται·
1261 2558 1318 2609 ἀλλ’

315 2628 397 2688 αὐτὸς
416 2631 466 2692 μὲν
490 2629 607 2698 ἑκάστην
624 2628 769 2698 ῥαψῳδίαν
787 2629 900 2695 γράψας
918 2628 961 2679 καὶ
980 2627 1119 2686 ἐπιδείξας
1137 2627 1166 2676 ἐν
1187 2631 1226 2695 τῷ
1245 2646 1320 2694 περι-

315 2700 421 2749 νοστεῖν
441 2698 488 2756 τὰς
499 2698 591 2757 πόλεις
602 2702 707 2766 τρυφῆς
717 2696 819 2759 ἕνεκεν,
833 2697 970 2748 ἀπέλιπεν.
1001 2695 1044 2748 Sic
1056 2694 1196 2747 Pisistrato
1209 2694 1319 2748 demum

313 2764 380 2818 nihil
398 2765 529 2832 reliquum
547 2765 588 2831 fit,
607 2781 688 2832 quom
706 2772 737 2818 ut
754 2765 904 2829 rhapsodias
918 2767 946 2815 in
958 2766 1057 2815 totidem
1070 2763 1154 2829 libror,
1173 2775 1234 2827 quot
1247 2782 1320 2816 1111

314 2834 441 2898 trahemus,
459 2834 565 2885 diuidat.
596 2833 691 2901 Itaque
709 2834 779 2887 hanc
799 2832 956 2886 divisionem
975 2833 1008 2885 ab
1021 2830 1211 2884 Alexandrinis
1224 2831 1319 2885 induc-

313 2905 369 2953 tam
388 2915 455 2967 esse,
474 2901 616 2969 ignorabat
634 2902 786 2956 virbonus.

382 2987 405 3050 ⁷)
421 2985 525 3039 Eodem
546 2988 681 3054 pertinere
708 2988 826 3040 arbitror
843 2985 941 3040 famam
960 2986 993 3040 de
1011 2985 1098 3053 prirna
1116 2985 1282 3039 bibliotheca
1302 3002 1319 3038 a

314 3053 455 3108 Pisistrato
474 3054 590 3123 condita,
609 3057 661 3109 etsi
678 3057 743 3109 satis
762 3055 865 3109 recenti
884 3055 1008 3122 scriptori
1026 3060 1210 3122 memoratam,
1229 3054 1318 3107 Gellio

314 3121 359 3190 VI,
381 3125 419 3177 17.
456 3121 518 3176 Non
541 3125 611 3176 enim
634 3125 753 3193 reperio,
777 3124 823 3192 qui
846 3124 893 3177 alii
921 3131 1032 3191 praeter
1054 3123 1202 3175 Homerum
1229 3122 1318 3176 inesse

314 3191 452 3258 potuerint
471 3191 624 3259 scriptores,
642 3209 722 3260 quam
742 3193 845 3261 aliquot
862 3198 968 3260 poetae,
986 3207 1073 3258 nuper
1090 3190 1197 3243 demum
1216 3191 1260 3244 vel
1278 3191 1319 3259 ip-

314 3260 370 3312 sius
387 3258 461 3313 iussu
478 3260 629 3327 perscripti.
665 3261 794 3329 Idemque
812 3261 981 3315 sentiendum
999 3260 1112 3313 fortasse
1131 3259 1164 3312 de
1174 3259 1318 3327 Polycrate

314 3327 412 3392 Samio,
442 3343 521 3395 quem
544 3335 657 3396 propter
680 3329 807 3383 librorum
829 3328 1009 3397 parandorum
1036 3327 1153 3380 studium
1171 3343 1233 3380 curn
1252 3329 1319 3382 Pisi-

315 3401 400 3451 strato
428 3396 565 3464 coniungit
587 3397 683 3449 Athen.
708 3398 729 3450 Ι.
747 3414 774 3465 p.
792 3402 816 3452 3.
834 3401 867 3451 A.
898 3397 1030 3451 Nimirum
1055 3395 1234 3450 bibliothecae
1253 3397 1317 3450 illae

315 3464 414 3530 similes
432 3465 548 3532 luerunt,
566 3465 595 3518 ni
612 3465 698 3533 fallor,
712 3481 812 3533 earum,
830 3481 899 3533 quae
917 3466 944 3518 in
957 3463 1214 3532 temphsnonnullis,
1235 3465 1319 3519 etiarn

314 3533 342 3587 in
360 3533 612 3602 Hierosolymitano,
631 3533 769 3600 depositae
787 3536 918 3600 seruntur,
937 3534 1031 3602 paucis
1044 3538 1199 3587 constantes
1209 3534 1319 3602 scriptis

311 3608 343 3656 -ct
359 3603 466 3656 nominc
493 3619 556 3664 suo,
580 3607 660 3669 prout
682 3602 763 3656 hodie
786 3610 945 3670 usurpatur,
969 3618 1064 3670 parum
1087 3601 1200 3668 dignae3
1223 3603 1319 3657 similis

315 3670 406 3725 forsan
429 3672 511 3726 etiam
537 3670 584 3724 illa
606 3669 765 3739 Smyrnaea,
792 3671 869 3724 cuins
892 3687 947 3725 una
964 3687 1025 3726 eum
1042 3670 1177 3723 Homereo
1195 3672 1319 3726 meminit

311 3737 411 3795 Strabo
428 3739 501 3795 XIV.
520 3757 546 3808 p.
564 3743 623 3795 646.
