3034 4434
728 557 908 611 „92-

271 739 277 751 -·
316 706 426 765 sideret
446 711 476 762 et
495 706 599 776 hiaret,
620 704 665 760 vel
685 704 791 762 lacinia
810 705 946 763 haereret
967 722 1003 764 ex
1021 703 1114 764 forma
1135 706 1245 778 priore.
1279 707 1326 764 Ad

317 781 512 855 quaerendum
532 781 612 838 illum
626 786 755 840 tenorem
771 789 889 854 praeter
903 783 974 840 ahas
991 799 1092 840 causas
1108 784 1262 856 impellere
1277 801 1325 856 po·

317 860 373 918 tuit
393 860 458 931 ipsa
478 875 548 917 cura
568 857 719 918 continuae
741 859 916 931 scriptionis,
938 860 968 916 in
992 876 1049 930 qua
1071 859 1200 917 Carmini
1221 861 1325 932 cuique

318 953 386 994 suus
405 937 484 994 locus
505 934 696 1007 assignandus
723 941 803 993 erat:
830 953 929 994 verum
956 936 1101 1008 perpolire
1127 942 1158 994 et
1183 938 1268 1008 quasi
1288 937 1325 995 ad

266 1024 303 1062 1⁵1
318 1028 442 1090 unguem
468 1014 650 1085 complanare
683 1013 792 1083 omnia,
825 1013 975 1084 operosius
1008 1012 1162 1070 videbatur
1188 1012 1324 1085 fortasse,

318 1106 403 1161 quam
428 1089 555 1148 utillud
580 1090 673 1162 prima
704 1090 885 1163 experientia
904 1090 1019 1161 assequi
1038 1090 1149 1148 liceret.
1194 1091 1252 1149 Sed
1274 1107 1325 1148 cnr

317 1167 440 1224 maxime
460 1167 547 1225 nolim
560 1167 634 1224 hanc
654 1171 746 1224 artem
767 1167 816 1222 uni
830 1167 985 1225 Pisistrato
1006 1166 1144 1238 tribuere,
1166 1167 1225 1226 duo
1239 1185 1325 1243 argu-

317 1249 414 1300 menta
433 1244 463 1300 in
482 1250 617 1316 promptu
637 1243 739 1316 haheo,
762 1244 863 1301 horum
883 1249 1044 1315 temporum
1061 1245 1191 1302 tenebris
1206 1250 1324 1304 assueto

318 1320 397 1377 clara
417 1321 489 1378 satis
518 1327 547 1378 ot
566 1318 728 1378 manifesta.
770 1320 897 1378 Primum
924 1321 1051 1379 Graecos
1071 1320 1109 1378 ad
1130 1327 1259 1379 aetatem
1279 1339 1325 1379 us-

318 1413 373 1468 que
399 1398 630 1456 Ptolemaeorum
656 1398 798 1456 constanti
832 1397 957 1469 quadam
991 1399 1196 1457 constitutione
1227 1405 1323 1457 textus

318 1475 455 1546 caruisse,
476 1475 598 1532 vidimus
619 1491 707 1547 snpra
728 1475 762 1531 iis
776 1474 806 1531 in
820 1475 899 1545 lociS,
921 1476 1002 1546 qnia
1019 1475 1141 1534 Platone
1155 1481 1185 1533 et
1199 1491 1324 1548 aequae-

317 1552 361 1610 vis
380 1552 535 1610 laudantur
556 1569 591 1610 ex
604 1552 739 1622 Homero,
760 1568 815 1610 nec
835 1560 932 1610 tamen
951 1553 1038 1610 hodie
1060 1553 1139 1624 apud
1159 1570 1226 1610 eum
1245 1569 1323 1612 com-

317 1637 429 1701 parent.
468 1631 571 1701 Itaque
592 1645 627 1687 ex
646 1629 701 1687 hoc
722 1635 812 1700 textu,
833 1645 918 1700 quem
938 1629 1025 1688 hodie
1046 1631 1179 1688 manibus
1193 1631 1323 1701 terimus,

317 1723 400 1766 nemo
422 1708 586 1765 existimare
607 1712 716 1779 potest,
744 1706 886 1777 quomodo
912 1709 1033 1779 primum
1063 1708 1189 1779 scriptus
1219 1705 1322 1777 fuerit;

318 1785 412 1855 immo,
434 1785 459 1842 si
480 1791 546 1857 post
565 1784 750 1841 Pisistratum
771 1784 821 1840 alii
842 1790 930 1854 atque
955 1785 1008 1842 alii
1029 1784 1168 1856 rhapsodi
1195 1785 1234 1842 ad
1255 1786 1324 1842 scri-

318 1861 442 1919 bendum
469 1861 689 1931 adhiberentur,
720 1876 839 1918 necesse
875 1869 939 1919 erat
964 1860 1083 1937 formam
1111 1862 1172 1918 eius
1200 1861 1323 1919 subinde

318 1938 424 1995 variari
439 1944 469 1995 et
482 1938 596 2008 mutari,
617 1938 785 2010 priusquam
800 1938 829 1994 in
843 1954 944 1995 manus
958 1938 1098 1996 Zenodoti
1116 1945 1146 1995 et
1159 1937 1323 1996 Aristarchi

221 2079 223 2084 ,
318 2015 438 2071 veniret.
480 2014 543 2095 Qua
570 2014 606 2070 de
630 2030 662 2071 re
689 2015 887 2072 commentarii
908 2015 1008 2072 horum
1029 2015 1107 2072 haud
1130 2015 1218 2072 dubie
1239 2016 1324 2087 plura

318 2089 424 2147 indicia
454 2096 652 2162 servaverant,
679 2091 708 2147 in
738 2108 859 2162 quorum
885 2092 997 2149 iactura
1025 2108 1100 2149 nunc
1130 2108 1162 2148 se
1190 2093 1322 2165 speciose

318 2172 417 2223 tuetur
444 2168 571 2238 vulgaris
597 2168 702 2240 opinio.
744 2169 820 2239 Quid
846 2185 914 2227 vero
935 2169 1007 2226 illud
1028 2167 1092 2226 esti
1122 2168 1199 2225 Ante
1220 2185 1322 2226 munus

318 2243 480 2301 Villoisonii
500 2261 572 2300 unus
586 2245 615 2302 in
630 2245 751 2303 Scholiis
768 2253 831 2303 erat
844 2247 933 2317 locus,
955 2247 1003 2317 qui
1017 2246 1190 2305 mentionem
1206 2244 1322 2304 faceret

319 2318 538 2386 δεασκευάσεως
564 2322 711 2380 cuiusdam
737 2324 908 2394 antiquioris
928 2323 1130 2381 Alexandrinis
1150 2323 1222 2380 illis:
1256 2339 1319 2380 rem

319 2413 412 2471 nemo,
433 2398 509 2470 quod
530 2401 632 2472 sciam,
656 2417 712 2471 quo
732 2398 865 2471 referret,
886 2401 1025 2458 habebat:
1053 2401 1111 2457 iam
1138 2405 1169 2456 et
1189 2401 1269 2457 illam
1290 2407 1320 2457 et

319 2493 421 2535 nomeu
453 2474 669 2533 ὃιασκευαστῶν
698 2477 852 2549 perspicue
875 2477 958 2535 nobis
985 2477 1112 2535 Venetus
1143 2476 1321 2535 Schohastes

319 2555 417 2612 attulit
437 2555 547 2625 aliquot
566 2556 651 2626 locis,
684 2555 714 2611 in
740 2553 843 2624 quibus
864 2553 990 2611 traditur
1010 2553 1118 2625 aliquid
1139 2554 1321 2626 suppositum

320 2647 383 2689 esse
409 2649 427 2688 a
452 2630 689 2699 διασκευασταῖς,
715 2629 792 2701 quod
819 2631 919 2688 Critici
945 2631 1050 2688 deinde
1077 2636 1143 2688 vate
1169 2630 1320 2702 indignum

267 2721 305 2760 isa
319 2713 348 2766 et
368 2708 525 2766 tollendum
545 2707 763 2782 putaverintffl).
796 2707 842 2765 Ea
861 2724 909 2765 res
930 2724 1017 2779 quum
1038 2707 1162 2766 antehac
1182 2709 1243 2766 solo
1265 2709 1322 2765 isto

387 2906 422 2964 1³)
445 2903 533 2956 Locus
552 2903 578 2954 in
596 2902 668 2954 brev.
688 2901 775 2954 Schol.
794 2909 835 2954 est
853 2903 888 2955 ad
906 2902 998 2971 Odyss
1017 2903 1040 2953 l.
1058 2905 1126 2967 583,
1146 2903 1193 2968 qui
1212 2916 1320 2970 compa-

318 2978 393 3025 ratus
417 2987 477 3024 cum
495 2971 581 3026 Schol.
601 2969 667 3023 Veri.
686 2970 720 3023 ad
739 2969 824 3023 Gatal.
845 2975 901 3024 104.
919 2978 947 3023 et
965 2971 1000 3024 ad
1018 2969 1092 3023 Pind.
1112 2969 1152 3022 Ol.
1170 2969 1192 3037 I,
1212 2973 1253 3025 97.
1273 2971 1319 3024 do-

318 3045 370 3107 cet,
388 3039 544 3093 Aristarcho
567 3040 604 3092 ibi
622 3038 714 3105 plures
732 3054 825 3091 versus
844 3038 877 3092 de
895 3039 1101 3106 interpolatione
1120 3038 1321 3091 διασκευαστοῦ

318 3112 458 3229 tellit
480 3106 784 3244 fuhttnlhttll
804 3105 1320 3243 llttttttrlt‘tatlttllttt

318 3243 434 3310 suspicio
453 3214 531 3296 illius.
567 3245 626 3298 Hoc
644 3243 733 3297 autem
752 3261 805 3297 uno
824 3245 896 3308 loco,
914 3244 937 3296 si
955 3250 1028 3298 recte
1047 3243 1169 3309 memini,-
1193 3243 1321 3297 Eustath.

318 3310 398 3365 affert
415 3326 471 3363 rem
489 3311 576 3379 illam,
595 3312 642 3365 sed
660 3312 773 3380 petitam
792 3327 826 3364 ex
844 3312 938 3366 eodem
957 3311 1057 3378 Schol,
1087 3317 1114 3364 et
1132 3311 1188 3379 sic,
1211 3317 1243 3364 ut
1260 3327 1321 3366 eam

317 3395 371 3434 non
389 3379 483 3433 melius
500 3379 624 3433 videatur
641 3381 814 3448 intellexisse,
842 3397 921 3448 quam
940 3381 1081 3448 quisquam
1099 3379 1240 3434 doctorum
1258 3386 1321 3434 ante

318 3447 462 3503 editionem
488 3449 605 3501 muneris
623 3448 727 3502 Veneti.
764 3448 853 3514 Quare
876 3449 1013 3502 mittamus
1036 3449 1105 3502 Mer.
1123 3448 1320 3516 Gasaubonum,

317 3519 364 3586 qui
378 3517 483 3574 Scholio
501 3517 587 3570 lucem
606 3516 761 3570 effundebat
779 3530 813 3569 ex
824 3517 960 3571 Eustathii
972 3515 1113 3571 rhetoricis
1124 3516 1203 3583 notis,
1222 3518 1250 3570 in
1263 3517 1321 3598 qui·

319 3587 369 3640 bus
386 3591 552 3640 memoratur
569 3591 660 3657 σχῆμα
678 3586 907 3638 διασκευαστικόν.
945 3586 1003 3639 lam
1021 3601 1085 3638 vero
1104 3583 1173 3638 conf.
1192 3585 1320 3640 Scholion

317 3653 452 3710 Veretum
470 3655 493 3706 d.
511 3657 569 3708 208.
588 3652 768 3718 (referendum
786 3653 821 3706 ad
837 3673 862 3723 γ.
875 3658 1029 3721 396-418.)
1048 3655 1141 3713 t441.
1152 3654 1180 3706 d.
1193 3655 1244 3719 73,
1262 3660 1320 3708 tum

318 3723 385 3778 illud
402 3743 427 3777 σ.
445 3726 504 3778 356.
523 3723 595 3790 quod
613 3721 703 3790 paullo
722 3729 785 3775 ante
804 3721 969 3790 indicavit.
987 3725 1045 3778 327.
1065 3729 1093 3776 et
1109 3725 1170 3776 400.
1189 3721 1320 3790 (releren-

220 3791 381 3934 flrn
393 3793 428 3848 ad
440 3794 467 3845 d.
489 3795 556 3858 185)
574 3797 632 3844 tum
651 3811 674 3843 υ.
693 3792 751 3844 aba
771 3797 799 3843 et
816 3810 846 3843 ω.
868 3795 924 3845 133.
