3034 4434
726 541 902 592 ..42-

312 686 541 766 βουστροφηδόν.
580 687 699 745 Privata
727 703 765 744 an
790 687 914 746 habilior
940 692 1002 744 tum
1026 685 1117 744 fuerit
1143 686 1223 759 apud
1243 687 1314 759 illos,

316 767 434 824 dubium
457 765 585 823 reddunt
609 763 727 821 eaedem
752 766 893 835 rationes,
918 769 1039 836 propter
1065 779 1137 835 quas
1162 763 1314 822 Bentleius

315 843 504 916 plaustrarias
518 839 631 900 fabulas
642 840 805 899 Susarionis
816 847 846 900 et
855 840 1010 913 Thespidis
1021 839 1147 913 (Olymp.
1156 839 1315 912 L—LXI.)

316 920 423 992 scripto
443 918 537 977 editas
556 916 727 990 negantii),
746 919 861 976 nemine
882 917 1060 975 eruditorum
1086 916 1314 976 contradicente.

315 995 403 1055 Certe
426 994 589 1054 Atticorum
615 995 787 1067 scriptorum
816 1011 874 1053 non
900 1000 967 1052 ante
992 993 1111 1052 Persica
1136 993 1316 1066 temporaih

277 1078 302 1116 7⁰
314 1073 423 1131 mentio
441 1070 474 1130 iit
493 1076 545 1129 aut
564 1069 811 1144 sigulfioatio,'cui
830 1088 888 1130 non
908 1069 994 1128 fidem
1014 1070 1138 1142 deroget
1157 1070 1236 1128 illius
1251 1071 1316 1129 aevi

316 1156 346 1208 et
364 1151 408 1207 rei
428 1148 562 1222 publicae
580 1147 670 1207 facies
691 1154 721 1206 et
741 1149 975 1220 gravissimorum
995 1154 1145 1206 auctorum
1159 1147 1318 1206 silentium.

316 1226 374 1285 Sed
392 1243 449 1285 non
468 1242 636 1298 persequar,
656 1225 734 1298 quod
753 1232 854 1283 tenore
875 1226 936 1283 sine
956 1224 1049 1296 longis
1063 1224 1235 1296 ambagibus
1255 1241 1313 1283 non

315 1319 445 1376 possum3
471 1304 547 1362 ultro
573 1304 660 1361 etiam
686 1302 891 1373 concesserim,
916 1302 1064 1373 aliquanto
1089 1306 1158 1359 ante
1179 1301 1315 1361 Solonem

315 1380 437 1438 Athenis
447 1379 521 1438 hanc
530 1386 622 1438 artem
632 1380 783 1453 paullatim
793 1378 906 1451 privato
916 1378 1012 1437 studio
1023 1379 1157 1450 usurpari
1166 1383 1317 1450 coeptam:

315 1472 408 1528 neque
425 1457 499 1516 adeo
517 1457 626 1528 dubito,
646 1457 716 1529 quin
733 1456 765 1513 id
785 1456 909 1514 saeculis
929 1454 1005 1512 vnn
1028 1462 1058 1513 et
1076 1455 1140 1512 VII.
1157 1455 1188 1512 iu
1208 1456 1315 1513 ceteris

315 1534 488 1607 civitatibus,
514 1535 682 1593 nominatim
701 1534 800 1592 Ioniae
820 1539 851 1590 et
869 1532 997 1604 Magnae
1018 1531 1170 1603 Graeciae,
1190 1530 1315 1590 iecerint

315 1610 492 1671 sollertiores
512 1611 629 1683 quidam
648 1611 787 1682 homines
809 1624 965 1680 eorumque
987 1609 1148 1681 exemplum
1158 1610 1205 1666 vel
1219 1609 1313 1667 secuti

315 1688 361 1746 vel
385 1688 441 1761 ipsi
467 1705 529 1747 rem
550 1688 691 1760 auspicati
716 1688 775 1744 sint
800 1691 905 1760 poetae
926 1687 1072 1753 nonnulli,
1097 1686 1121 1744 si
1141 1701 1199 1744 non
1218 1686 1317 1757 Asine,

314 1765 468 1836 Eumelus,
492 1765 642 1835 Arctinus,
669 1764 732 1834 alii,
758 1764 811 1820 sub
838 1763 938 1835 primis
966 1761 1098 1836 Olympp.
1128 1762 1199 1819 olari
1224 1763 1316 1835 epicis

316 1841 506 1913 Carminibus,
527 1846 558 1898 at
578 1845 656 1898 certe
676 1840 876 1911 Archilochus,
897 1839 1027 1911 Alcman,
1047 1837 1198 1911 Pisander,
1224 1839 1317 1897 Arion

316 1918 465 1976 ethorum
486 1917 636 1987 aequales:
657 1922 753 1973 tamen
773 1917 797 1973 si
818 1917 855 1974 de
875 1919 1004 1972 universa
1027 1917 1144 1972 Graecia
1166 1923 1197 1974 et
1215 1917 1316 1989 paullo

315 1993 428 2051 tritiora
442 2010 496 2050 usu
510 1993 582 2049 artis
596 1995 767 2062 institutoque
778 1996 1029 2048 conscribendorum
1043 1996 1172 2048 librorum
1187 1993 1316 2065 quaem,

315 2067 388 2125 illud
407 2069 611 2127 removendum
632 2084 688 2128 non
709 2084 773 2127 esse
793 2069 963 2142 aThaletis,
984 2069 1106 2142 Solonis,
1126 2069 1275 2128 Pisistrati
1289 2075 1321 2128 et

316 2161 425 2216 eorum,
447 2145 494 2216 qui
517 2145 671 2218 Sapientes
692 2146 884 2218 appellantur,
904 2153 1011 2218 aetate,
1031 2148 1050 2203 i.
1065 2163 1090 2204 e.
1105 2163 1141 2205 ea
1154 2162 1212 2218 qua
1225 2147 1321 2206 oratio

315 2228 407 2279 metro
429 2222 500 2280 solvi
522 2223 627 2296 coepit,
647 2223 690 2281 ita
709 2222 852 2295 significat
870 2223 953 2284 nobis
967 2224 1092 2283 historia
1104 2224 1210 2283 artium
1225 2222 1322 2282 Grae·

316 2314 414 2355 carum
434 2299 567 2371 omnium,
588 2305 621 2357 ut
640 2297 789 2359 infantiam
810 2316 891 2365 suam
912 2301 995 2360 obliti
1008 2301 1107 2376 populi
1121 2301 1318 2360 testimonium

317 2375 433 2433 minime
453 2375 675 2436 desiderandum
695 2377 837 2436 videatur.

393 2453 438 2512 De
458 2455 572 2514 cultura
590 2471 695 2527 prosae
715 2456 863 2527 orationis,
884 2457 1003 2515 ineunte
1022 2456 1138 2514 saeculo
1158 2462 1227 2513 ante
1248 2455 1317 2515 (ihr.

315 2529 363 2588 VI.
384 2547 402 2589 a
425 2531 556 2603 pluribus
583 2538 613 2591 et
631 2532 695 2606 ipso
715 2533 820 2591 Solone
839 2533 986 2605 inchoata,
1017 2533 1111 2604 deque
1132 2533 1227 2590 causis
1248 2533 1315 2593 novi

278 2611 302 2649 ²1
316 2607 424 2681 incepti
447 2609 517 2666 nihil
545 2609 595 2668 hic
618 2609 713 2668 habeo
739 2610 850 2668 dicere:
876 2616 907 2668 et
931 2625 1006 2682 quae
1037 2626 1073 2667 ex
1092 2616 1224 2667 veterum
1243 2609 1315 2668 locis

314 2684 425 2741 hauriri
444 2692 573 2757 possunt,
594 2685 673 2743 diota
686 2693 754 2743 sunt
766 2687 875 2744 omnia:
897 2692 928 2744 at
941 2703 1028 2744 uuam
1042 2703 1112 2758 rern,
1134 2687 1190 2744 etsi
1203 2687 1234 2743 in
1248 2703 1316 2746 con·

316 2760 427 2817 iectura
446 2761 579 2832 positam,
599 2761 726 2834 afferam,
746 2764 802 2820 nisi
822 2763 919 2820 omnia
938 2779 984 2821 me
998 2761 1111 2834 fallunt,
1130 2763 1316 2822 utilissimam

315 2835 382 2891 huic
402 2837 564 2905 quaestioni
583 2842 708 2895 nostrae.
738 2839 813 2896 Nam
827 2839 942 2896 videtur
960 2841 1047 2912 plane
1058 2855 1175 2897 necesse
1190 2855 1266 2912 esse,
1285 2846 1319 2897 nt

316 2915 385 2982 tum,
406 2926 492 2982 quum
507 2911 612 2971 Graeci
631 2914 770 2988 impetum
790 2923 929 2990 caperent
949 2917 1064 2975 vincula
1082 2917 1204 2975 metrica
1224 2917 1318 2975 revel·

315 3053 435 3190 mugga
448 3053 481 3107 In
497 3055 577 3123 Apol.
595 3055 664 3110 nas.
683 3057 716 3111 oe
733 3059 834 3127 apso.
853 3059 1004 3117 Plausus
1021 3079 1047 3130 p.
1069 3067 1125 3117 roa
1144 3077 1203 3130 sqq.
1222 3063 1316 3116 traua

382 3210 418 3288 24)
436 3208 473 3264 Ut
489 3215 630 3278 poetarum
648 3214 817 3291 comicorum,
843 3215 999 3282 Chionides,
1017 3215 1161 3282 Magnetis,
1180 3223 1211 3269 ut
1248 3217 1316 3270 hilo·

309 3277 1317 3413 ’11111111110111111111101111111111

229 3473 232 3477 ,
314 3361 395 3537 {ruffi
412 3389 491 3481 primi
508 3389 544 3467 eri
561 3387 674 3495 Gomiiis
683 3391 784 3472 Atticis
801 3368 922 3498 menliinit
933 3420 1103 3488 Aristoteles,
1121 3392 1198 3476 a’nnis
1216 3426 1233 3475 8
1251 3411 1314 3476 ante

341 3496 432 3536 errem
443 3481 549 3536 fabulas
558 3483 688 3552 docuisse,
707 3501 740 3538 ex
754 3487 871 3555 antiquis
883 3489 1094 3556 chronographis
1106 3491 1210 3544 notavit
1219 3489 1317 3544 Suidas

314 3567 374 3605 cum
392 3549 522 3617 Eudocia,
540 3550 608 3604 bene
627 3552 686 3606 ideo
705 3570 722 3606 a
740 3554 875 3624 Scaligero
896 3557 925 3609 in
945 3556 1037 3610 Desor.
1055 3557 1179 3626 Olympp.
1198 3559 1315 3613 relatum

315 3619 351 3674 ad
366 3618 408 3674 01.
426 3617 551 3673 LXXIII.
586 3618 735 3689 Utrumque
753 3629 844 3676 autem
861 3623 984 3690 pluribus
1002 3626 1079 3678 annis
1096 3642 1258 3694 praegressa
1275 3632 1316 3679 est

315 3686 459 3743 Comoedia
476 3686 639 3742 Graecorum
657 3689 843 3758 siciliensium,
860 3690 894 3745 ab
911 3692 1084 3761 Epicharmo,
1103 3694 1224 3749 sinatus
1242 3700 1315 3749 vete·

314 3772 374 3810 rum
390 3762 464 3810 recte
482 3771 619 3826 assequor,
636 3758 787 3826 perscripta
804 3761 857 3813 iam
876 3769 938 3814 ante
957 3760 1066 3816 Gelonis
1084 3763 1261 3832 tyrannidem.
