<?xml version="1.0" encoding="UTF-8"?>
<!DOCTYPE html PUBLIC "-//W3C//DTD XHTML 1.0 Transitional//EN"
    "http://www.w3.org/TR/xhtml1/DTD/xhtml1-transitional.dtd">
<html xmlns="http://www.w3.org/1999/xhtml" xml:lang="en" lang="en">
 <head>
  <title>
</title>
<meta http-equiv="Content-Type" content="text/html;charset=utf-8" />
  <meta name='ocr-system' content='tesseract 3.04.00' />
  <meta name='ocr-capabilities' content='ocr_page ocr_carea ocr_par ocr_line ocrx_word'/>
</head>
<body>
  <div class='ocr_page' id='page_1' title='image "./prolegomenaadho00wolfgoog/prolegomenaadho00wolfgoog_0146.png"; bbox 0 0 3034 4434; ppageno 0'>
   <div class='ocr_carea' id='block_1_1' title="bbox 714 368 895 423">
    <p class='ocr_par' dir='ltr' id='par_1_1' title="bbox 714 368 895 423">
     <span class='ocr_line' id='line_1_1' title="bbox 714 368 895 423; baseline 0.006 -1"><span class='ocrx_word' id='word_1_1' title='bbox 714 368 895 423; x_wconf 74' lang='grc'><strong>-126-</strong></span> 
     </span>
    </p>
   </div>
   <div class='ocr_carea' id='block_1_2' title="bbox 387 474 1317 590">
    <p class='ocr_par' dir='ltr' id='par_1_2' title="bbox 387 474 1317 590">
     <span class='ocr_line' id='line_1_2' title="bbox 387 474 1317 590; baseline -0.002 -12"><span class='ocrx_word' id='word_1_2' title='bbox 387 518 466 578; x_wconf 86' lang='lat' dir='ltr'>Nam</span> <span class='ocrx_word' id='word_1_3' title='bbox 486 517 524 577; x_wconf 89' lang='lat' dir='ltr'>de</span> <span class='ocrx_word' id='word_1_4' title='bbox 542 517 579 575; x_wconf 92' lang='lat' dir='ltr'>iis</span> <span class='ocrx_word' id='word_1_5' title='bbox 598 516 675 574; x_wconf 84' lang='lat' dir='ltr'>vitiis</span> <span class='ocrx_word' id='word_1_6' title='bbox 696 521 727 575; x_wconf 89' lang='lat' dir='ltr'>et</span> <span class='ocrx_word' id='word_1_7' title='bbox 746 517 902 590; x_wconf 77' lang='lat' dir='ltr'>arronlrus,</span> <span class='ocrx_word' id='word_1_8' title='bbox 922 516 1026 589; x_wconf 80' lang='lat' dir='ltr'>qmlrus</span> <span class='ocrx_word' id='word_1_9' title='bbox 1038 474 1199 577; x_wconf 78' lang='lat' dir='ltr'>omnamot</span> <span class='ocrx_word' id='word_1_10' title='bbox 1211 516 1317 578; x_wconf 90' lang='lat' dir='ltr'>Home·</span> 
     </span>
    </p>
   </div>
   <div class='ocr_carea' id='block_1_3' title="bbox 225 593 1326 2514">
    <p class='ocr_par' dir='ltr' id='par_1_3' title="bbox 225 593 1321 2047">
     <span class='ocr_line' id='line_1_3' title="bbox 314 593 1317 668; baseline -0.002 -14"><span class='ocrx_word' id='word_1_11' title='bbox 314 596 396 654; x_wconf 88' lang='lat' dir='ltr'>ricae</span> <span class='ocrx_word' id='word_1_12' title='bbox 417 601 446 653; x_wconf 86' lang='lat' dir='ltr'>et</span> <span class='ocrx_word' id='word_1_13' title='bbox 460 594 590 654; x_wconf 75' lang='lat' dir='ltr'>Graecae</span> <span class='ocrx_word' id='word_1_14' title='bbox 609 593 748 652; x_wconf 89' lang='lat' dir='ltr'>orationis</span> <span class='ocrx_word' id='word_1_15' title='bbox 768 610 866 652; x_wconf 86' lang='lat' dir='ltr'>veram</span> <span class='ocrx_word' id='word_1_16' title='bbox 886 595 1028 654; x_wconf 88' lang='lat' dir='ltr'>rationem</span> <span class='ocrx_word' id='word_1_17' title='bbox 1046 598 1220 668; x_wconf 86' lang='lat' dir='ltr'>pervertere</span> <span class='ocrx_word' id='word_1_18' title='bbox 1238 593 1317 652; x_wconf 85' lang='lat' dir='ltr'>vide·</span> 
     </span>
     <span class='ocr_line' id='line_1_4' title="bbox 309 670 1318 746; baseline -0.002 -16"><span class='ocrx_word' id='word_1_19' title='bbox 309 678 369 743; x_wconf 91' lang='lat' dir='ltr'>tur,</span> <span class='ocrx_word' id='word_1_20' title='bbox 387 673 472 730; x_wconf 91' lang='lat' dir='ltr'>aliter</span> <span class='ocrx_word' id='word_1_21' title='bbox 485 673 514 729; x_wconf 94' lang='lat' dir='ltr'>in</span> <span class='ocrx_word' id='word_1_22' title='bbox 529 670 644 730; x_wconf 90' lang='lat' dir='ltr'>saeculo</span> <span class='ocrx_word' id='word_1_23' title='bbox 658 671 852 744; x_wconf 78' lang='lat' dir='ltr'><strong>grammaticis</strong></span> <span class='ocrx_word' id='word_1_24' title='bbox 864 671 1030 746; x_wconf 78' lang='lat' dir='ltr'>praeceptis</span> <span class='ocrx_word' id='word_1_25' title='bbox 1043 670 1224 741; x_wconf 89' lang='lat' dir='ltr'>abundante,</span> <span class='ocrx_word' id='word_1_26' title='bbox 1231 672 1318 730; x_wconf 85' lang='lat' dir='ltr'>aliter</span> 
     </span>
     <span class='ocr_line' id='line_1_5' title="bbox 308 747 1317 821; baseline 0.001 -16"><span class='ocrx_word' id='word_1_27' title='bbox 308 750 340 805; x_wconf 89' lang='lat' dir='ltr'>in</span> <span class='ocrx_word' id='word_1_28' title='bbox 362 749 412 807; x_wconf 92' lang='lat' dir='ltr'>illo</span> <span class='ocrx_word' id='word_1_29' title='bbox 433 754 562 807; x_wconf 80' lang='lat' dir='ltr'>statuere</span> <span class='ocrx_word' id='word_1_30' title='bbox 582 749 721 806; x_wconf 88' lang='lat' dir='ltr'>convenit.</span> <span class='ocrx_word' id='word_1_31' title='bbox 762 747 840 807; x_wconf 91' lang='lat' dir='ltr'>Ante</span> <span class='ocrx_word' id='word_1_32' title='bbox 861 749 935 808; x_wconf 89' lang='lat' dir='ltr'>enim</span> <span class='ocrx_word' id='word_1_33' title='bbox 956 764 1041 820; x_wconf 87' lang='lat' dir='ltr'>quam</span> <span class='ocrx_word' id='word_1_34' title='bbox 1061 749 1162 821; x_wconf 85' lang='lat' dir='ltr'>lingua</span> <span class='ocrx_word' id='word_1_35' title='bbox 1175 747 1215 806; x_wconf 92' lang='lat' dir='ltr'>ad</span> <span class='ocrx_word' id='word_1_36' title='bbox 1227 747 1317 808; x_wconf 89' lang='lat' dir='ltr'>subti-</span> 
     </span>
     <span class='ocr_line' id='line_1_6' title="bbox 319 825 1319 899; baseline 0.002 -18"><span class='ocrx_word' id='word_1_37' title='bbox 319 825 432 884; x_wconf 89' lang='lat' dir='ltr'>litatem</span> <span class='ocrx_word' id='word_1_38' title='bbox 453 831 674 898; x_wconf 88' lang='lat' dir='ltr'>praeceptorum</span> <span class='ocrx_word' id='word_1_39' title='bbox 695 825 836 883; x_wconf 87' lang='lat' dir='ltr'>curiosius</span> <span class='ocrx_word' id='word_1_40' title='bbox 856 826 987 884; x_wconf 88' lang='lat' dir='ltr'>revocari</span> <span class='ocrx_word' id='word_1_41' title='bbox 1006 831 1111 899; x_wconf 86' lang='lat' dir='ltr'>coepta</span> <span class='ocrx_word' id='word_1_42' title='bbox 1131 830 1205 898; x_wconf 92' lang='lat' dir='ltr'>erat,</span> <span class='ocrx_word' id='word_1_43' title='bbox 1230 826 1319 884; x_wconf 88' lang='lat' dir='ltr'>etiam</span> 
     </span>
     <span class='ocr_line' id='line_1_7' title="bbox 314 901 1317 974; baseline 0.001 -16"><span class='ocrx_word' id='word_1_44' title='bbox 314 901 469 973; x_wconf 89' lang='lat' dir='ltr'>ingenioso</span> <span class='ocrx_word' id='word_1_45' title='bbox 489 901 548 960; x_wconf 91' lang='lat' dir='ltr'>labi</span> <span class='ocrx_word' id='word_1_46' title='bbox 568 901 650 958; x_wconf 89' lang='lat' dir='ltr'>licuit</span> <span class='ocrx_word' id='word_1_47' title='bbox 669 908 699 959; x_wconf 91' lang='lat' dir='ltr'>et</span> <span class='ocrx_word' id='word_1_48' title='bbox 718 902 893 961; x_wconf 87' lang='lat' dir='ltr'>inconstanti</span> <span class='ocrx_word' id='word_1_49' title='bbox 913 918 978 961; x_wconf 89' lang='lat' dir='ltr'>esse</span> <span class='ocrx_word' id='word_1_50' title='bbox 991 903 1021 959; x_wconf 93' lang='lat' dir='ltr'>in</span> <span class='ocrx_word' id='word_1_51' title='bbox 1033 901 1089 961; x_wconf 89' lang='lat' dir='ltr'>hoc</span> <span class='ocrx_word' id='word_1_52' title='bbox 1101 917 1220 974; x_wconf 85' lang='lat' dir='ltr'>genere,</span> <span class='ocrx_word' id='word_1_53' title='bbox 1241 902 1317 974; x_wconf 89' lang='lat' dir='ltr'>quod</span> 
     </span>
     <span class='ocr_line' id='line_1_8' title="bbox 315 979 1318 1052; baseline 0.002 -18"><span class='ocrx_word' id='word_1_54' title='bbox 315 979 433 1050; x_wconf 89' lang='lat' dir='ltr'>ingenio</span> <span class='ocrx_word' id='word_1_55' title='bbox 453 979 547 1037; x_wconf 91' lang='lat' dir='ltr'>minus</span> <span class='ocrx_word' id='word_1_56' title='bbox 568 994 653 1050; x_wconf 89' lang='lat' dir='ltr'>quam</span> <span class='ocrx_word' id='word_1_57' title='bbox 674 984 737 1036; x_wconf 89' lang='lat' dir='ltr'>arte</span> <span class='ocrx_word' id='word_1_58' title='bbox 756 979 877 1050; x_wconf 92' lang='lat' dir='ltr'>regitur.</span> <span class='ocrx_word' id='word_1_59' title='bbox 916 979 985 1052; x_wconf 89' lang='lat' dir='ltr'>Ipsa</span> <span class='ocrx_word' id='word_1_60' title='bbox 1003 994 1072 1038; x_wconf 89' lang='lat' dir='ltr'>vero</span> <span class='ocrx_word' id='word_1_61' title='bbox 1092 995 1140 1036; x_wconf 91' lang='lat' dir='ltr'>ars</span> <span class='ocrx_word' id='word_1_62' title='bbox 1158 995 1245 1050; x_wconf 90' lang='lat' dir='ltr'>quam</span> <span class='ocrx_word' id='word_1_63' title='bbox 1260 980 1318 1037; x_wconf 86' lang='lat' dir='ltr'>exi·</span> 
     </span>
     <span class='ocr_line' id='line_1_9' title="bbox 312 1054 1318 1130; baseline 0.002 -18"><span class='ocrx_word' id='word_1_64' title='bbox 312 1055 376 1127; x_wconf 89' lang='lat' dir='ltr'>guis</span> <span class='ocrx_word' id='word_1_65' title='bbox 397 1055 427 1111; x_wconf 93' lang='lat' dir='ltr'>in</span> <span class='ocrx_word' id='word_1_66' title='bbox 446 1055 534 1114; x_wconf 91' lang='lat' dir='ltr'>rebus</span> <span class='ocrx_word' id='word_1_67' title='bbox 554 1054 661 1112; x_wconf 90' lang='lat' dir='ltr'>titubet</span> <span class='ocrx_word' id='word_1_68' title='bbox 671 1071 785 1112; x_wconf 84' lang='lat' dir='ltr'>cursum</span> <span class='ocrx_word' id='word_1_69' title='bbox 799 1055 975 1128; x_wconf 88' lang='lat' dir='ltr'>ingrediens,</span> <span class='ocrx_word' id='word_1_70' title='bbox 996 1071 1141 1128; x_wconf 84' lang='lat' dir='ltr'>quamque</span> <span class='ocrx_word' id='word_1_71' title='bbox 1155 1056 1182 1113; x_wconf 91' lang='lat' dir='ltr'>ei</span> <span class='ocrx_word' id='word_1_72' title='bbox 1196 1072 1318 1130; x_wconf 90' lang='lat' dir='ltr'>pronum</span> 
     </span>
     <span class='ocr_line' id='line_1_10' title="bbox 318 1131 1319 1206; baseline 0.003 -18"><span class='ocrx_word' id='word_1_73' title='bbox 318 1132 366 1203; x_wconf 89' lang='lat' dir='ltr'>sit,</span> <span class='ocrx_word' id='word_1_74' title='bbox 390 1132 457 1189; x_wconf 92' lang='lat' dir='ltr'>dum</span> <span class='ocrx_word' id='word_1_75' title='bbox 471 1134 548 1190; x_wconf 90' lang='lat' dir='ltr'>inter</span> <span class='ocrx_word' id='word_1_76' title='bbox 567 1131 802 1190; x_wconf 88' lang='lat' dir='ltr'>consuetudinem</span> <span class='ocrx_word' id='word_1_77' title='bbox 822 1133 994 1206; x_wconf 85' lang='lat' dir='ltr'>scriptorum</span> <span class='ocrx_word' id='word_1_78' title='bbox 1015 1137 1045 1192; x_wconf 91' lang='lat' dir='ltr'>et</span> <span class='ocrx_word' id='word_1_79' title='bbox 1057 1133 1219 1205; x_wconf 87' lang='lat' dir='ltr'>legitimam</span> <span class='ocrx_word' id='word_1_80' title='bbox 1230 1133 1319 1192; x_wconf 91' lang='lat' dir='ltr'>ratio·</span> 
     </span>
     <span class='ocr_line' id='line_1_11' title="bbox 321 1208 1320 1283; baseline 0.002 -18"><span class='ocrx_word' id='word_1_81' title='bbox 321 1224 386 1266; x_wconf 90' lang='lat' dir='ltr'>nem</span> <span class='ocrx_word' id='word_1_82' title='bbox 408 1208 568 1266; x_wconf 91' lang='lat' dir='ltr'>diiudicare</span> <span class='ocrx_word' id='word_1_83' title='bbox 589 1208 695 1279; x_wconf 88' lang='lat' dir='ltr'>studet,</span> <span class='ocrx_word' id='word_1_84' title='bbox 716 1208 752 1267; x_wconf 92' lang='lat' dir='ltr'>ab</span> <span class='ocrx_word' id='word_1_85' title='bbox 773 1215 896 1281; x_wconf 87' lang='lat' dir='ltr'>utraque</span> <span class='ocrx_word' id='word_1_86' title='bbox 909 1225 1011 1269; x_wconf 90' lang='lat' dir='ltr'>norma</span> <span class='ocrx_word' id='word_1_87' title='bbox 1022 1209 1224 1283; x_wconf 86' lang='lat' dir='ltr'>imprudenter</span> <span class='ocrx_word' id='word_1_88' title='bbox 1236 1209 1320 1269; x_wconf 89' lang='lat' dir='ltr'>aber·</span> 
     </span>
     <span class='ocr_line' id='line_1_12' title="bbox 312 1284 1320 1360; baseline 0.003 -18"><span class='ocrx_word' id='word_1_89' title='bbox 312 1301 394 1358; x_wconf 88' lang='lat' dir='ltr'>rare,</span> <span class='ocrx_word' id='word_1_90' title='bbox 409 1287 516 1344; x_wconf 89' lang='lat' dir='ltr'>nemini</span> <span class='ocrx_word' id='word_1_91' title='bbox 529 1286 704 1356; x_wconf 81' lang='lat' dir='ltr'>intelligenti</span> <span class='ocrx_word' id='word_1_92' title='bbox 718 1284 869 1344; x_wconf 90' lang='lat' dir='ltr'>obscurum</span> <span class='ocrx_word' id='word_1_93' title='bbox 885 1302 950 1346; x_wconf 92' lang='lat' dir='ltr'>esse</span> <span class='ocrx_word' id='word_1_94' title='bbox 959 1292 1066 1360; x_wconf 91' lang='lat' dir='ltr'>potest.</span> <span class='ocrx_word' id='word_1_95' title='bbox 1085 1287 1190 1358; x_wconf 90' lang='lat' dir='ltr'>Itaque</span> <span class='ocrx_word' id='word_1_96' title='bbox 1202 1285 1320 1345; x_wconf 84' lang='lat' dir='ltr'>fuerunt</span> 
     </span>
     <span class='ocr_line' id='line_1_13' title="bbox 315 1362 1319 1436; baseline 0.003 -17"><span class='ocrx_word' id='word_1_97' title='bbox 315 1362 466 1421; x_wconf 89' lang='lat' dir='ltr'>interdum</span> <span class='ocrx_word' id='word_1_98' title='bbox 487 1363 603 1433; x_wconf 86' lang='lat' dir='ltr'>eruditi,</span> <span class='ocrx_word' id='word_1_99' title='bbox 624 1362 674 1432; x_wconf 92' lang='lat' dir='ltr'>qui</span> <span class='ocrx_word' id='word_1_100' title='bbox 691 1362 860 1435; x_wconf 86' lang='lat' dir='ltr'>Varronem,</span> <span class='ocrx_word' id='word_1_101' title='bbox 881 1369 912 1422; x_wconf 93' lang='lat' dir='ltr'>et</span> <span class='ocrx_word' id='word_1_102' title='bbox 930 1364 956 1422; x_wconf 93' lang='lat' dir='ltr'>si</span> <span class='ocrx_word' id='word_1_103' title='bbox 969 1365 1019 1435; x_wconf 93' lang='lat' dir='ltr'>qui</span> <span class='ocrx_word' id='word_1_104' title='bbox 1031 1363 1116 1422; x_wconf 90' lang='lat' dir='ltr'>huius</span> <span class='ocrx_word' id='word_1_105' title='bbox 1130 1363 1269 1436; x_wconf 88' lang='lat' dir='ltr'>aequales</span> <span class='ocrx_word' id='word_1_106' title='bbox 1283 1363 1319 1422; x_wconf 90' lang='lat' dir='ltr'>de</span> 
     </span>
     <span class='ocr_line' id='line_1_14' title="bbox 319 1438 1320 1513; baseline 0.001 -16"><span class='ocrx_word' id='word_1_107' title='bbox 319 1442 417 1497; x_wconf 86' lang='lat' dir='ltr'>causis</span> <span class='ocrx_word' id='word_1_108' title='bbox 438 1439 576 1498; x_wconf 91' lang='lat' dir='ltr'>sermonis</span> <span class='ocrx_word' id='word_1_109' title='bbox 596 1438 695 1496; x_wconf 87' lang='lat' dir='ltr'>Latini</span> <span class='ocrx_word' id='word_1_110' title='bbox 715 1440 879 1512; x_wconf 88' lang='lat' dir='ltr'>anquirunt,</span> <span class='ocrx_word' id='word_1_111' title='bbox 899 1441 1085 1513; x_wconf 87' lang='lat' dir='ltr'>contemptim</span> <span class='ocrx_word' id='word_1_112' title='bbox 1104 1441 1264 1500; x_wconf 87' lang='lat' dir='ltr'>invitarent</span> <span class='ocrx_word' id='word_1_113' title='bbox 1283 1439 1320 1499; x_wconf 92' lang='lat' dir='ltr'>ad</span> 
     </span>
     <span class='ocr_line' id='line_1_15' title="bbox 225 1514 1321 1589; baseline 0.003 -16"><span class='ocrx_word' id='word_1_114' title='bbox 225 1554 228 1559; x_wconf 91' lang='lat'><em>-</em></span> <span class='ocrx_word' id='word_1_115' title='bbox 315 1517 435 1575; x_wconf 87' lang='lat' dir='ltr'>scholas</span> <span class='ocrx_word' id='word_1_116' title='bbox 457 1533 533 1589; x_wconf 86' lang='lat' dir='ltr'>suas,</span> <span class='ocrx_word' id='word_1_117' title='bbox 553 1521 587 1573; x_wconf 91' lang='lat' dir='ltr'>ut</span> <span class='ocrx_word' id='word_1_118' title='bbox 606 1532 680 1587; x_wconf 88' lang='lat' dir='ltr'>quae</span> <span class='ocrx_word' id='word_1_119' title='bbox 701 1516 768 1574; x_wconf 93' lang='lat' dir='ltr'>olim</span> <span class='ocrx_word' id='word_1_120' title='bbox 781 1514 890 1575; x_wconf 79' lang='lat' dir='ltr'>frustra</span> <span class='ocrx_word' id='word_1_121' title='bbox 903 1518 1121 1589; x_wconf 82' lang='lat' dir='ltr'>quaesivissent,</span> <span class='ocrx_word' id='word_1_122' title='bbox 1141 1516 1321 1577; x_wconf 78' lang='lat' dir='ltr'>facillimeet</span> 
     </span>
     <span class='ocr_line' id='line_1_16' title="bbox 318 1593 1320 1669; baseline 0.003 -18"><span class='ocrx_word' id='word_1_123' title='bbox 318 1593 536 1652; x_wconf 85' lang='lat' dir='ltr'>accuratissime</span> <span class='ocrx_word' id='word_1_124' title='bbox 563 1593 717 1652; x_wconf 88' lang='lat' dir='ltr'>discerent.</span> <span class='ocrx_word' id='word_1_125' title='bbox 756 1593 790 1650; x_wconf 92' lang='lat' dir='ltr'>In</span> <span class='ocrx_word' id='word_1_126' title='bbox 809 1594 966 1666; x_wconf 88' lang='lat' dir='ltr'>primisque</span> <span class='ocrx_word' id='word_1_127' title='bbox 986 1609 1075 1666; x_wconf 89' lang='lat' dir='ltr'>saepe</span> <span class='ocrx_word' id='word_1_128' title='bbox 1094 1595 1185 1667; x_wconf 89' lang='lat' dir='ltr'>periti</span> <span class='ocrx_word' id='word_1_129' title='bbox 1203 1596 1320 1669; x_wconf 90' lang='lat' dir='ltr'>linguae</span> 
     </span>
     <span class='ocr_line' id='line_1_17' title="bbox 317 1670 1319 1745; baseline 0.003 -17"><span class='ocrx_word' id='word_1_130' title='bbox 317 1670 495 1741; x_wconf 87' lang='lat' dir='ltr'>Hebraicae,</span> <span class='ocrx_word' id='word_1_131' title='bbox 520 1670 601 1727; x_wconf 88' lang='lat' dir='ltr'>euius</span> <span class='ocrx_word' id='word_1_132' title='bbox 627 1675 724 1727; x_wconf 88' lang='lat' dir='ltr'>tamen</span> <span class='ocrx_word' id='word_1_133' title='bbox 749 1671 917 1742; x_wconf 77' lang='lat' dir='ltr'>quantillum</span> <span class='ocrx_word' id='word_1_134' title='bbox 941 1676 1054 1744; x_wconf 90' lang='lat' dir='ltr'>partem</span> <span class='ocrx_word' id='word_1_135' title='bbox 1073 1672 1319 1745; x_wconf 83' lang='lat' dir='ltr'>complectantur,</span> 
     </span>
     <span class='ocr_line' id='line_1_18' title="bbox 320 1746 1319 1822; baseline 0.006 -20"><span class='ocrx_word' id='word_1_136' title='bbox 320 1747 448 1804; x_wconf 86' lang='lat' dir='ltr'>viderint</span> <span class='ocrx_word' id='word_1_137' title='bbox 469 1748 534 1819; x_wconf 91' lang='lat' dir='ltr'>ipsi,</span> <span class='ocrx_word' id='word_1_138' title='bbox 555 1746 689 1804; x_wconf 89' lang='lat' dir='ltr'>deridere</span> <span class='ocrx_word' id='word_1_139' title='bbox 710 1747 804 1805; x_wconf 87' lang='lat' dir='ltr'>solent</span> <span class='ocrx_word' id='word_1_140' title='bbox 822 1747 972 1806; x_wconf 89' lang='lat' dir='ltr'>Philonem</span> <span class='ocrx_word' id='word_1_141' title='bbox 985 1748 1134 1820; x_wconf 89' lang='lat' dir='ltr'>Iudaeum,</span> <span class='ocrx_word' id='word_1_142' title='bbox 1156 1748 1319 1822; x_wconf 75' lang='lat' dir='ltr'>Origenem</span> 
     </span>
     <span class='ocr_line' id='line_1_19' title="bbox 323 1822 1320 1899; baseline 0.003 -19"><span class='ocrx_word' id='word_1_143' title='bbox 323 1823 541 1894; x_wconf 87' lang='lat' dir='ltr'>Hieronymum,</span> <span class='ocrx_word' id='word_1_144' title='bbox 562 1828 663 1895; x_wconf 88' lang='lat' dir='ltr'>utpote</span> <span class='ocrx_word' id='word_1_145' title='bbox 678 1839 797 1895; x_wconf 91' lang='lat' dir='ltr'>quorum</span> <span class='ocrx_word' id='word_1_146' title='bbox 812 1824 938 1897; x_wconf 80' lang='lat' dir='ltr'>cognitio</span> <span class='ocrx_word' id='word_1_147' title='bbox 951 1822 1082 1884; x_wconf 87' lang='lat' dir='ltr'>florentis</span> <span class='ocrx_word' id='word_1_148' title='bbox 1095 1825 1192 1884; x_wconf 91' lang='lat' dir='ltr'>adhuc</span> <span class='ocrx_word' id='word_1_149' title='bbox 1204 1827 1320 1899; x_wconf 88' lang='lat' dir='ltr'>linguae</span> 
     </span>
     <span class='ocr_line' id='line_1_20' title="bbox 261 1899 1320 1975; baseline 0.006 -19"><span class='ocrx_word' id='word_1_150' title='bbox 261 1905 299 1944; x_wconf 76' lang='lat'>¹⁰⁶</span> <span class='ocrx_word' id='word_1_151' title='bbox 319 1900 405 1970; x_wconf 89' lang='lat' dir='ltr'>longe</span> <span class='ocrx_word' id='word_1_152' title='bbox 425 1905 538 1957; x_wconf 89' lang='lat' dir='ltr'>remota</span> <span class='ocrx_word' id='word_1_153' title='bbox 558 1903 622 1956; x_wconf 88' lang='lat' dir='ltr'>erat</span> <span class='ocrx_word' id='word_1_154' title='bbox 641 1899 677 1958; x_wconf 92' lang='lat' dir='ltr'>ab</span> <span class='ocrx_word' id='word_1_155' title='bbox 699 1915 737 1958; x_wconf 94' lang='lat' dir='ltr'>ea</span> <span class='ocrx_word' id='word_1_156' title='bbox 754 1900 925 1974; x_wconf 83' lang='lat' dir='ltr'>subtilitate,</span> <span class='ocrx_word' id='word_1_157' title='bbox 951 1916 1037 1973; x_wconf 87' lang='lat' dir='ltr'>quam</span> <span class='ocrx_word' id='word_1_158' title='bbox 1055 1899 1199 1975; x_wconf 85' lang='lat' dir='ltr'>professio</span> <span class='ocrx_word' id='word_1_159' title='bbox 1220 1901 1320 1962; x_wconf 86' lang='lat' dir='ltr'>Gram-</span> 
     </span>
     <span class='ocr_line' id='line_1_21' title="bbox 319 1974 619 2047; baseline -0.01 -14"><span class='ocrx_word' id='word_1_160' title='bbox 319 1976 419 2033; x_wconf 90' lang='lat' dir='ltr'>matioi</span> <span class='ocrx_word' id='word_1_161' title='bbox 438 1974 619 2047; x_wconf 61' lang='lat' dir='ltr'>exigeretu).</span> 
     </span>
    </p>

    <p class='ocr_par' dir='ltr' id='par_1_4' title="bbox 323 2051 1326 2514">
     <span class='ocr_line' id='line_1_22' title="bbox 396 2051 1320 2128; baseline 0.005 -20"><span class='ocrx_word' id='word_1_162' title='bbox 396 2051 492 2123; x_wconf 85' lang='lat' dir='ltr'>Atque</span> <span class='ocrx_word' id='word_1_163' title='bbox 513 2052 550 2110; x_wconf 91' lang='lat' dir='ltr'>ad</span> <span class='ocrx_word' id='word_1_164' title='bbox 569 2052 644 2110; x_wconf 88' lang='lat' dir='ltr'>hanc</span> <span class='ocrx_word' id='word_1_165' title='bbox 668 2058 796 2112; x_wconf 88' lang='lat' dir='ltr'>aetatem</span> <span class='ocrx_word' id='word_1_166' title='bbox 816 2054 947 2114; x_wconf 88' lang='lat' dir='ltr'>Graecae</span> <span class='ocrx_word' id='word_1_167' title='bbox 973 2056 1089 2128; x_wconf 88' lang='lat' dir='ltr'>linguae</span> <span class='ocrx_word' id='word_1_168' title='bbox 1107 2055 1320 2128; x_wconf 88' lang='lat' dir='ltr'>retorquendus</span> 
     </span>
     <span class='ocr_line' id='line_1_23' title="bbox 332 2129 1320 2204; baseline 0.006 -19"><span class='ocrx_word' id='word_1_169' title='bbox 332 2133 377 2186; x_wconf 87' lang='lat' dir='ltr'>ost</span> <span class='ocrx_word' id='word_1_170' title='bbox 390 2129 501 2186; x_wconf 90' lang='lat' dir='ltr'>animus</span> <span class='ocrx_word' id='word_1_171' title='bbox 514 2136 622 2201; x_wconf 89' lang='lat' dir='ltr'>noster,</span> <span class='ocrx_word' id='word_1_172' title='bbox 642 2136 675 2187; x_wconf 92' lang='lat' dir='ltr'>ut</span> <span class='ocrx_word' id='word_1_173' title='bbox 688 2130 724 2187; x_wconf 91' lang='lat' dir='ltr'>de</span> <span class='ocrx_word' id='word_1_174' title='bbox 738 2131 839 2204; x_wconf 91' lang='lat' dir='ltr'>primis</span> <span class='ocrx_word' id='word_1_175' title='bbox 853 2134 925 2190; x_wconf 88' lang='lat' dir='ltr'>artis</span> <span class='ocrx_word' id='word_1_176' title='bbox 938 2132 1104 2191; x_wconf 88' lang='lat' dir='ltr'>auctoribus</span> <span class='ocrx_word' id='word_1_177' title='bbox 1116 2138 1199 2191; x_wconf 90' lang='lat' dir='ltr'>reete</span> <span class='ocrx_word' id='word_1_178' title='bbox 1213 2138 1244 2191; x_wconf 92' lang='lat' dir='ltr'>et</span> <span class='ocrx_word' id='word_1_179' title='bbox 1257 2148 1320 2191; x_wconf 89' lang='lat' dir='ltr'>curn</span> 
     </span>
     <span class='ocr_line' id='line_1_24' title="bbox 324 2206 1326 2282; baseline 0.003 -19"><span class='ocrx_word' id='word_1_180' title='bbox 324 2207 473 2277; x_wconf 87' lang='lat' dir='ltr'>aequitate</span> <span class='ocrx_word' id='word_1_181' title='bbox 494 2206 662 2264; x_wconf 88' lang='lat' dir='ltr'>iudicemus.</span> <span class='ocrx_word' id='word_1_182' title='bbox 696 2209 782 2281; x_wconf 90' lang='lat' dir='ltr'>Ipsae</span> <span class='ocrx_word' id='word_1_183' title='bbox 796 2209 911 2279; x_wconf 90' lang='lat' dir='ltr'>quidem</span> <span class='ocrx_word' id='word_1_184' title='bbox 925 2209 1066 2268; x_wconf 90' lang='lat' dir='ltr'>Zenodoti</span> <span class='ocrx_word' id='word_1_185' title='bbox 1085 2210 1251 2282; x_wconf 88' lang='lat' dir='ltr'>scripturae</span> <span class='ocrx_word' id='word_1_186' title='bbox 1264 2209 1326 2267; x_wconf 93' lang='lat' dir='ltr'>dili·</span> 
     </span>
     <span class='ocr_line' id='line_1_25' title="bbox 325 2282 1326 2357; baseline 0.001 -17"><span class='ocrx_word' id='word_1_187' title='bbox 325 2289 429 2355; x_wconf 85' lang='lat' dir='ltr'>genter</span> <span class='ocrx_word' id='word_1_188' title='bbox 443 2299 581 2341; x_wconf 88' lang='lat' dir='ltr'>excussae</span> <span class='ocrx_word' id='word_1_189' title='bbox 595 2282 748 2343; x_wconf 89' lang='lat' dir='ltr'>manifesto</span> <span class='ocrx_word' id='word_1_190' title='bbox 762 2287 927 2357; x_wconf 90' lang='lat' dir='ltr'>ostendunt,</span> <span class='ocrx_word' id='word_1_191' title='bbox 946 2287 1052 2343; x_wconf 88' lang='lat' dir='ltr'>multas</span> <span class='ocrx_word' id='word_1_192' title='bbox 1065 2284 1284 2345; x_wconf 89' lang='lat' dir='ltr'>observationes</span> <span class='ocrx_word' id='word_1_193' title='bbox 1297 2290 1326 2343; x_wconf 91' lang='lat' dir='ltr'>et</span> 
     </span>
     <span class='ocr_line' id='line_1_26' title="bbox 323 2361 1326 2435; baseline 0.003 -18"><span class='ocrx_word' id='word_1_194' title='bbox 323 2361 440 2432; x_wconf 89' lang='lat' dir='ltr'>regulas</span> <span class='ocrx_word' id='word_1_195' title='bbox 454 2361 593 2420; x_wconf 88' lang='lat' dir='ltr'>sermonis</span> <span class='ocrx_word' id='word_1_196' title='bbox 603 2367 734 2435; x_wconf 89' lang='lat' dir='ltr'>tempore</span> <span class='ocrx_word' id='word_1_197' title='bbox 747 2362 827 2420; x_wconf 90' lang='lat' dir='ltr'>illius</span> <span class='ocrx_word' id='word_1_198' title='bbox 839 2363 964 2422; x_wconf 92' lang='lat' dir='ltr'>nondum</span> <span class='ocrx_word' id='word_1_199' title='bbox 978 2362 1151 2434; x_wconf 87' lang='lat' dir='ltr'>constitisse,</span> <span class='ocrx_word' id='word_1_200' title='bbox 1165 2377 1239 2434; x_wconf 88' lang='lat' dir='ltr'>quas</span> <span class='ocrx_word' id='word_1_201' title='bbox 1252 2377 1326 2420; x_wconf 88' lang='lat' dir='ltr'>nuno</span> 
     </span>
     <span class='ocr_line' id='line_1_27' title="bbox 329 2437 1326 2514; baseline 0.002 -19"><span class='ocrx_word' id='word_1_202' title='bbox 329 2437 406 2496; x_wconf 88' lang='lat' dir='ltr'>docti</span> <span class='ocrx_word' id='word_1_203' title='bbox 433 2438 598 2508; x_wconf 88' lang='lat' dir='ltr'>indoctique</span> <span class='ocrx_word' id='word_1_204' title='bbox 622 2440 708 2510; x_wconf 86' lang='lat' dir='ltr'>vulgo</span> <span class='ocrx_word' id='word_1_205' title='bbox 735 2441 889 2510; x_wconf 90' lang='lat' dir='ltr'>sequimur.</span> <span class='ocrx_word' id='word_1_206' title='bbox 928 2439 970 2497; x_wconf 90' lang='lat' dir='ltr'>Ut</span> <span class='ocrx_word' id='word_1_207' title='bbox 990 2438 1180 2502; x_wconf 84' lang='lat' dir='ltr'>dedualibus</span> <span class='ocrx_word' id='word_1_208' title='bbox 1200 2456 1258 2499; x_wconf 93' lang='lat' dir='ltr'>non</span> <span class='ocrx_word' id='word_1_209' title='bbox 1277 2456 1326 2514; x_wconf 79' lang='lat' dir='ltr'>po</span> 
     </span>
    </p>
   </div>
   <div class='ocr_carea' id='block_1_4' title="bbox 321 2683 1327 2876">
    <p class='ocr_par' dir='ltr' id='par_1_5' title="bbox 321 2683 1327 2876">
     <span class='ocr_line' id='line_1_28' title="bbox 321 2683 1327 2754; baseline -0.003 -15"><span class='ocrx_word' id='word_1_210' title='bbox 321 2685 441 2753; x_wconf 84' lang='lat' dir='ltr'>plurium</span> <span class='ocrx_word' id='word_1_211' title='bbox 463 2685 544 2740; x_wconf 87' lang='lat' dir='ltr'>fidem</span> <span class='ocrx_word' id='word_1_212' title='bbox 572 2686 733 2754; x_wconf 84' lang='lat' dir='ltr'>ignoremus.</span> <span class='ocrx_word' id='word_1_213' title='bbox 773 2684 888 2739; x_wconf 87' lang='lat' dir='ltr'>Dahae</span> <span class='ocrx_word' id='word_1_214' title='bbox 912 2691 1002 2739; x_wconf 89' lang='lat' dir='ltr'>autem</span> <span class='ocrx_word' id='word_1_215' title='bbox 1030 2683 1214 2751; x_wconf 90' lang='lat' dir='ltr'>quaerendum</span> <span class='ocrx_word' id='word_1_216' title='bbox 1239 2684 1327 2738; x_wconf 85' lang='lat' dir='ltr'>fuerat</span> 
     </span>
     <span class='ocr_line' id='line_1_29' title="bbox 322 2751 1327 2876; baseline 0 -70"><span class='ocrx_word' id='word_1_217' title='bbox 322 2751 813 2876; x_wconf 41' lang='lat' dir='ltr'>tvifaffimrli&#39;dlesr&#39;enliriusquam&#39;Zemdofi</span> <span class='ocrx_word' id='word_1_218' title='bbox 835 2754 965 2821; x_wconf 82' lang='lat' dir='ltr'>insignem</span> <span class='ocrx_word' id='word_1_219' title='bbox 990 2752 1129 2808; x_wconf 89' lang='lat' dir='ltr'>audaciam</span> <span class='ocrx_word' id='word_1_220' title='bbox 1157 2759 1186 2805; x_wconf 90' lang='lat' dir='ltr'>et</span> <span class='ocrx_word' id='word_1_221' title='bbox 1203 2753 1327 2821; x_wconf 82' lang='lat' dir='ltr'>ignorau-</span> 
     </span>
    </p>
   </div>
   <div class='ocr_carea' id='block_1_5' title="bbox 448 2912 1170 2985">
    <p class='ocr_par' dir='ltr' id='par_1_6' title="bbox 448 2912 1170 2985">
     <span class='ocr_line' id='line_1_30' title="bbox 448 2912 1170 2985; baseline -0.004 -17"><span class='ocrx_word' id='word_1_222' title='bbox 448 2913 548 2979; x_wconf 69' lang='lat' dir='ltr'>‘Haeic</span> <span class='ocrx_word' id='word_1_223' title='bbox 564 2916 618 2985; x_wconf 78' lang='grc' dir='ltr'>γὰρ</span> <span class='ocrx_word' id='word_1_224' title='bbox 636 2916 711 2975; x_wconf 81' lang='grc' dir='ltr'><em>κλέος</em></span> <span class='ocrx_word' id='word_1_225' title='bbox 728 2913 782 2967; x_wconf 79' lang='grc' dir='ltr'><em>οἷον</em></span> <span class='ocrx_word' id='word_1_226' title='bbox 801 2914 941 2983; x_wconf 80' lang='grc' dir='ltr'><em>ἀκούομεν,</em></span> <span class='ocrx_word' id='word_1_227' title='bbox 952 2914 1023 2967; x_wconf 73' lang='grc' dir='ltr'>οὐδὲ</span> <span class='ocrx_word' id='word_1_228' title='bbox 1040 2931 1066 2966; x_wconf 86' lang='grc' dir='ltr'>τι</span> <span class='ocrx_word' id='word_1_229' title='bbox 1083 2912 1170 2981; x_wconf 70' lang='grc' dir='ltr'><em>ἴδμεν,</em></span> 
     </span>
    </p>
   </div>
   <div class='ocr_carea' id='block_1_6' title="bbox 327 3005 1328 3281">
    <p class='ocr_par' dir='ltr' id='par_1_7' title="bbox 327 3005 1328 3281">
     <span class='ocr_line' id='line_1_31' title="bbox 327 3005 1327 3078; baseline 0 -16"><span class='ocrx_word' id='word_1_230' title='bbox 327 3008 401 3064; x_wconf 89' lang='lat' dir='ltr'>Nihil</span> <span class='ocrx_word' id='word_1_231' title='bbox 419 3010 529 3076; x_wconf 91' lang='lat' dir='ltr'>scimus,</span> <span class='ocrx_word' id='word_1_232' title='bbox 551 3009 602 3062; x_wconf 92' lang='lat' dir='ltr'>nisi</span> <span class='ocrx_word' id='word_1_233' title='bbox 627 3009 691 3078; x_wconf 89' lang='lat' dir='ltr'>quid</span> <span class='ocrx_word' id='word_1_234' title='bbox 717 3009 745 3062; x_wconf 87' lang='lat' dir='ltr'>in</span> <span class='ocrx_word' id='word_1_235' title='bbox 768 3007 838 3061; x_wconf 90' lang='lat' dir='ltr'>illius</span> <span class='ocrx_word' id='word_1_236' title='bbox 861 3009 1015 3061; x_wconf 74' lang='lat' dir='ltr'>recensione</span> <span class='ocrx_word' id='word_1_237' title='bbox 1034 3008 1132 3060; x_wconf 87' lang='lat' dir='ltr'>lectum</span> <span class='ocrx_word' id='word_1_238' title='bbox 1150 3005 1327 3077; x_wconf 81' lang='lat' dir='ltr'>fueritolim3</span> 
     </span>
     <span class='ocr_line' id='line_1_32' title="bbox 327 3075 1328 3145; baseline 0 -16"><span class='ocrx_word' id='word_1_239' title='bbox 327 3077 361 3129; x_wconf 91' lang='lat' dir='ltr'>de</span> <span class='ocrx_word' id='word_1_240' title='bbox 379 3077 477 3130; x_wconf 88' lang='lat' dir='ltr'>iudicio</span> <span class='ocrx_word' id='word_1_241' title='bbox 495 3077 545 3131; x_wconf 83' lang='lat' dir='ltr'>siri</span> <span class='ocrx_word' id='word_1_242' title='bbox 562 3092 657 3145; x_wconf 84' lang='lat' dir='ltr'>pamm</span> <span class='ocrx_word' id='word_1_243' title='bbox 675 3082 795 3143; x_wconf 87' lang='lat' dir='ltr'>constat;</span> <span class='ocrx_word' id='word_1_244' title='bbox 812 3075 859 3130; x_wconf 91' lang='lat' dir='ltr'>sed</span> <span class='ocrx_word' id='word_1_245' title='bbox 876 3076 935 3143; x_wconf 87' lang='lat' dir='ltr'>ipsa</span> <span class='ocrx_word' id='word_1_246' title='bbox 952 3091 996 3129; x_wconf 90' lang='lat' dir='ltr'>res</span> <span class='ocrx_word' id='word_1_247' title='bbox 1013 3075 1110 3143; x_wconf 89' lang='lat' dir='ltr'>arguit,</span> <span class='ocrx_word' id='word_1_248' title='bbox 1128 3076 1246 3143; x_wconf 86' lang='lat' dir='ltr'>plurima</span> <span class='ocrx_word' id='word_1_249' title='bbox 1262 3075 1328 3129; x_wconf 85' lang='lat' dir='ltr'>vitia</span> 
     </span>
     <span class='ocr_line' id='line_1_33' title="bbox 331 3143 1327 3213; baseline 0 -17"><span class='ocrx_word' id='word_1_250' title='bbox 331 3160 391 3199; x_wconf 89' lang='lat' dir='ltr'>eum</span> <span class='ocrx_word' id='word_1_251' title='bbox 411 3161 443 3198; x_wconf 85' lang='lat' dir='ltr'>ex</span> <span class='ocrx_word' id='word_1_252' title='bbox 454 3145 648 3213; x_wconf 81' lang='lat' dir='ltr'>antiquioribus</span> <span class='ocrx_word' id='word_1_253' title='bbox 657 3145 774 3199; x_wconf 86' lang='lat' dir='ltr'>lontibus</span> <span class='ocrx_word' id='word_1_254' title='bbox 783 3144 906 3212; x_wconf 84' lang='lat' dir='ltr'>traxisse,</span> <span class='ocrx_word' id='word_1_255' title='bbox 925 3159 994 3212; x_wconf 89' lang='lat' dir='ltr'>quae</span> <span class='ocrx_word' id='word_1_256' title='bbox 1006 3144 1049 3196; x_wconf 86' lang='lat' dir='ltr'>vel</span> <span class='ocrx_word' id='word_1_257' title='bbox 1059 3143 1219 3197; x_wconf 85' lang='lat' dir='ltr'>doctissimis</span> <span class='ocrx_word' id='word_1_258' title='bbox 1231 3144 1327 3212; x_wconf 80' lang='lat' dir='ltr'>poetis,</span> 
     </span>
     <span class='ocr_line' id='line_1_34' title="bbox 328 3210 1178 3281; baseline -0.004 -16"><span class='ocrx_word' id='word_1_259' title='bbox 328 3213 420 3281; x_wconf 87' lang='lat' dir='ltr'>quales</span> <span class='ocrx_word' id='word_1_260' title='bbox 435 3213 612 3267; x_wconf 88' lang='lat' dir='ltr'>Antimachus</span> <span class='ocrx_word' id='word_1_261' title='bbox 629 3220 657 3266; x_wconf 89' lang='lat' dir='ltr'>et</span> <span class='ocrx_word' id='word_1_262' title='bbox 674 3212 852 3267; x_wconf 82' lang='lat' dir='ltr'>Callimachus</span> <span class='ocrx_word' id='word_1_263' title='bbox 869 3211 985 3280; x_wconf 83' lang='lat' dir='ltr'>luerunt,</span> <span class='ocrx_word' id='word_1_264' title='bbox 1002 3210 1178 3279; x_wconf 87' lang='lat' dir='ltr'>imponerent.</span> 
     </span>
    </p>
   </div>
   <div class='ocr_carea' id='block_1_7' title="bbox 328 3313 1328 3657">
    <p class='ocr_par' dir='ltr' id='par_1_8' title="bbox 328 3313 1328 3657">
     <span class='ocr_line' id='line_1_35' title="bbox 373 3313 1327 3384; baseline -0.004 -14"><span class='ocrx_word' id='word_1_265' title='bbox 373 3334 376 3339; x_wconf 83' lang='lat'>·</span> <span class='ocrx_word' id='word_1_266' title='bbox 393 3317 429 3383; x_wconf 74' lang='lat'>⁷4)</span> <span class='ocrx_word' id='word_1_267' title='bbox 447 3315 497 3369; x_wconf 80' lang='lat' dir='ltr'>Cui</span> <span class='ocrx_word' id='word_1_268' title='bbox 514 3315 622 3384; x_wconf 80' lang='lat' dir='ltr'>ignotus</span> <span class='ocrx_word' id='word_1_269' title='bbox 640 3322 681 3368; x_wconf 85' lang='lat' dir='ltr'>est</span> <span class='ocrx_word' id='word_1_270' title='bbox 694 3315 843 3383; x_wconf 68' lang='lat' dir='ltr'>Scioppius</span> <span class='ocrx_word' id='word_1_271' title='bbox 862 3318 1003 3368; x_wconf 78' lang='lat' dir='ltr'>cloacinam</span> <span class='ocrx_word' id='word_1_272' title='bbox 1019 3315 1218 3366; x_wconf 79' lang='lat' dir='ltr'>Grammaticom</span> <span class='ocrx_word' id='word_1_273' title='bbox 1229 3313 1327 3368; x_wconf 78' lang='lat' dir='ltr'>Roma·</span> 
     </span>
     <span class='ocr_line' id='line_1_36' title="bbox 328 3381 1328 3452; baseline -0.003 -15"><span class='ocrx_word' id='word_1_274' title='bbox 328 3401 422 3438; x_wconf 87' lang='lat' dir='ltr'>norum</span> <span class='ocrx_word' id='word_1_275' title='bbox 440 3383 540 3452; x_wconf 85' lang='lat' dir='ltr'>ubique</span> <span class='ocrx_word' id='word_1_276' title='bbox 559 3382 689 3451; x_wconf 84' lang='lat' dir='ltr'>crepans?</span> <span class='ocrx_word' id='word_1_277' title='bbox 715 3382 773 3436; x_wconf 88' lang='lat' dir='ltr'>Nec</span> <span class='ocrx_word' id='word_1_278' title='bbox 791 3383 875 3437; x_wconf 86' lang='lat' dir='ltr'>levius</span> <span class='ocrx_word' id='word_1_279' title='bbox 892 3384 945 3436; x_wconf 86' lang='lat' dir='ltr'>Ios.</span> <span class='ocrx_word' id='word_1_280' title='bbox 963 3382 1083 3450; x_wconf 86' lang='lat' dir='ltr'>Scaliger</span> <span class='ocrx_word' id='word_1_281' title='bbox 1106 3388 1217 3449; x_wconf 88' lang='lat' dir='ltr'>questus</span> <span class='ocrx_word' id='word_1_282' title='bbox 1235 3387 1264 3435; x_wconf 89' lang='lat' dir='ltr'>et</span> <span class='ocrx_word' id='word_1_283' title='bbox 1281 3381 1328 3436; x_wconf 87' lang='lat' dir='ltr'>alii</span> 
     </span>
     <span class='ocr_line' id='line_1_37' title="bbox 333 3450 1328 3518; baseline 0 -15"><span class='ocrx_word' id='word_1_284' title='bbox 333 3453 365 3504; x_wconf 88' lang='lat' dir='ltr'>de</span> <span class='ocrx_word' id='word_1_285' title='bbox 383 3453 523 3506; x_wconf 87' lang='lat' dir='ltr'>ineruditis</span> <span class='ocrx_word' id='word_1_286' title='bbox 547 3452 608 3505; x_wconf 88' lang='lat' dir='ltr'>olim</span> <span class='ocrx_word' id='word_1_287' title='bbox 633 3451 727 3504; x_wconf 89' lang='lat' dir='ltr'>studiis</span> <span class='ocrx_word' id='word_1_288' title='bbox 746 3450 853 3517; x_wconf 88' lang='lat' dir='ltr'>linguae</span> <span class='ocrx_word' id='word_1_289' title='bbox 870 3451 1029 3505; x_wconf 87' lang='lat' dir='ltr'>Hebraicae.</span> <span class='ocrx_word' id='word_1_290' title='bbox 1065 3451 1166 3504; x_wconf 84' lang='lat' dir='ltr'>Contra</span> <span class='ocrx_word' id='word_1_291' title='bbox 1182 3466 1252 3518; x_wconf 91' lang='lat' dir='ltr'>quos</span> <span class='ocrx_word' id='word_1_292' title='bbox 1268 3451 1328 3504; x_wconf 87' lang='lat' dir='ltr'>bre·</span> 
     </span>
     <span class='ocr_line' id='line_1_38' title="bbox 329 3517 1327 3586; baseline 0.002 -15"><span class='ocrx_word' id='word_1_293' title='bbox 329 3522 399 3574; x_wconf 79' lang='lat' dir='ltr'>viter</span> <span class='ocrx_word' id='word_1_294' title='bbox 417 3521 463 3574; x_wconf 89' lang='lat' dir='ltr'>sed</span> <span class='ocrx_word' id='word_1_295' title='bbox 481 3520 679 3575; x_wconf 89' lang='lat' dir='ltr'>accommodate</span> <span class='ocrx_word' id='word_1_296' title='bbox 697 3517 821 3572; x_wconf 87' lang='lat' dir='ltr'>adhunc</span> <span class='ocrx_word' id='word_1_297' title='bbox 838 3519 925 3574; x_wconf 89' lang='lat' dir='ltr'>locum</span> <span class='ocrx_word' id='word_1_298' title='bbox 943 3526 1061 3573; x_wconf 90' lang='lat' dir='ltr'>nostrum</span> <span class='ocrx_word' id='word_1_299' title='bbox 1081 3518 1202 3586; x_wconf 89' lang='lat' dir='ltr'>disputat</span> <span class='ocrx_word' id='word_1_300' title='bbox 1219 3518 1327 3573; x_wconf 81' lang='lat' dir='ltr'>Emeat.</span> 
     </span>
     <span class='ocr_line' id='line_1_39' title="bbox 329 3587 726 3657; baseline 0.003 -16"><span class='ocrx_word' id='word_1_301' title='bbox 329 3587 426 3656; x_wconf 89' lang='lat' dir='ltr'>Opusc.</span> <span class='ocrx_word' id='word_1_302' title='bbox 443 3588 535 3657; x_wconf 90' lang='lat' dir='ltr'>philol.</span> <span class='ocrx_word' id='word_1_303' title='bbox 554 3605 580 3656; x_wconf 93' lang='lat' dir='ltr'>p.</span> <span class='ocrx_word' id='word_1_304' title='bbox 597 3592 654 3644; x_wconf 80' lang='lat'>296.</span> <span class='ocrx_word' id='word_1_305' title='bbox 669 3603 726 3655; x_wconf 89' lang='lat' dir='ltr'>sqq.</span> 
     </span>
    </p>
   </div>
   <div class='ocr_carea' id='block_1_8' title="bbox 0 0 1531 4434">
    <p class='ocr_par' dir='ltr' id='par_1_9' title="bbox 0 0 1531 4434">
     <span class='ocr_line' id='line_1_40' title="bbox 0 0 1531 4434; baseline 0 0"><span class='ocrx_word' id='word_1_306' title='bbox 0 0 1531 4434; x_wconf 95' lang='lat' dir='ltr'> </span> 
     </span>
    </p>
   </div>
  </div>
 </body>
</html>
