3034 4434
687 553 868 606 ..94-

225 717 263 757 rso
279 701 356 774 quod
376 702 400 759 is
421 701 602 774 potissimum
621 702 780 760 Homerum
800 718 873 760 novo
900 699 1001 759 ordine
1021 717 1040 759 a
1059 701 1216 775 rhapsodis
1237 703 1286 762 de·

278 779 389 837 cantari
415 778 627 837 Panathenaeis
658 778 917 849 quinquennalibus
948 778 1132 851 iusserat1⁶),
1172 779 1202 837 id
1228 797 1285 840 non

278 856 373 928 potuit
395 855 423 912 ei
442 855 516 912 hauc
535 854 640 913 famam
661 853 817 927 conficere,
843 860 876 912 nt
900 853 1008 927 primns
1029 855 1180 914 diceretur
1203 857 1284 915 illum

279 933 410 990 intulisse
430 931 460 988 in
475 931 611 990 Atticam.
645 933 707 989 Iam
726 933 756 988 in
777 933 928 1003 utriusque
950 937 1077 990 aetatem
1099 933 1203 991 incidit
1223 935 1285 1007 pnl-

279 1009 436 1066 cherrimus
450 1007 504 1067 ilos
518 1011 614 1082 poesis
627 1010 736 1081 lyricae
751 1015 782 1066 et
796 1009 910 1066 ethicae
924 1025 987 1066 cum
1001 1010 1083 1068 novis
1097 1011 1284 1069 incrementis

278 1086 448 1159 tragoediae
470 1092 500 1143 ct
520 1087 699 1146 comoediae:
721 1087 757 1142 in-
771 1091 816 1144 tot
835 1087 929 1158 poetis
950 1084 1072 1144 forsitan
1093 1085 1205 1146 fuerint
1224 1090 1285 1160 pln-

278 1180 335 1235 res,
357 1163 406 1235 qui
431 1163 585 1222 Pisistrato
611 1170 642 1221 et
667 1163 836 1237 Hipparcho
861 1164 890 1220 in
915 1163 994 1221 illam
1019 1179 1082 1221 rem
1107 1163 1284 1224 adiutorium

227 1253 264 1293 rso
279 1239 416 1312 iacerent,
437 1242 609 1313 pracsertim
630 1257 716 1312 quum
731 1247 862 1311 uterque,
882 1241 926 1297 nti
940 1241 1055 1312 artium,
1077 1241 1120 1298 ita
1134 1241 1284 1300 doctorum

279 1318 424 1377 homiuum
438 1319 650 1376 amantissimus
666 1323 751 1374 esset.
786 1317 963 1375 Nominatim
984 1318 1059 1374 enim
1072 1315 1207 1376 feruntur
1221 1335 1284 1378 cum

279 1396 315 1454 iis
328 1395 562 1453 coniunctissime
582 1396 689 1452 vixisse
709 1394 843 1466 Orpheus
866 1394 1057 1466 Crotoniates,
1085 1397 1212 1468 scriptor
1232 1396 1285 1453 Ar·

281 1473 507 1544 gonanticornm
528 1472 729 1530 Onomacritus
751 1471 947 1543 Atheniensis,
969 1471 1006 1529 ab
1026 1471 1198 1545 Hipparcho
1219 1473 1284 1530 civi-

277 1556 339 1608 tate
359 1549 468 1608 eiectus
488 1555 603 1622 postea,
629 1548 791 1607 Simonides
812 1547 888 1606 Gens
915 1554 946 1606 et
965 1548 1054 1606 Tetus
1072 1549 1228 1609 Anacreon
1237 1549 1284 1621 1²).

278 1628 388 1686 Horum
409 1628 498 1699 igitur
518 1627 683 1699 quempiam
704 1625 892 1684 coniiciebam
912 1626 969 1683 illis
983 1626 1021 1683 ad
1035 1626 1199 1685 ordinanda
1213 1627 1284 1686 (lar-

278 1705 356 1762 miua
375 1721 494 1777 operam
507 1702 676 1777 praebuisse
690 1719 780 1760 suam.
800 1703 867 1774 Ipse
881 1709 961 1760 certe
975 1703 1147 1761 Pisistratus
1164 1720 1283 1762 suarum

278 1798 376 1839 rerum
395 1781 559 1853 satagebat,
586 1781 630 1839 his
650 1795 719 1838 vero
739 1780 830 1837 otium
850 1787 914 1837 erat
934 1785 965 1837 et
983 1780 1144 1852 priscorum
1164 1797 1283 1854 opernm

279 1875 385 1930 magna
405 1856 601 1929 familiaritas3
621 1862 655 1914 nt
668 1856 865 1928 Onomacrito‚
886 1857 968 1914 cuius
982 1857 1112 1914 celebres
1126 1858 1283 1930 interpola·

278 1936 373 1993 tiones
394 1934 503 2006 Orphei
524 1940 553 1991 et
571 1934 687 1991 Musaei
707 1933 745 1991 ad
761 1935 826 2006 ipsa
839 1933 998 2006 primordia
1011 1935 1178 2007 scriptionis
1191 1941 1284 1993 retra·

280 2012 394 2069 hendae
415 2016 489 2067 sunt.

343 2087 555 2145 ,Temerarium
575 2091 655 2160 puto,
677 2103 713 2145 ex
733 2104 848 2160 quoque
869 2085 1225 2147 deverticuloiabularum
1238 2104 1284 2146 ve-

279 2164 369 2236 stigia
388 2164 526 2222 historiae
548 2165 730 2237 exscrdpere:
752 2165 880 2236 alioquin
898 2165 944 2222 his
964 2165 1137 2223 coniecturis
1159 2165 1284 2224 colorem

245 2299 247 2303 ,
282 2248 312 2299 et
331 2240 416 2299 fidem
437 2257 607 2312 quaererem
627 2258 663 2299 ex
684 2257 735 2314 eo,
764 2242 840 2313 quod
860 2242 973 2300 inistis
993 2243 1161 2301 commentis
1183 2241 1284 2301 Gram-

280 2320 450 2377 maticorum
471 2323 501 2376 et
520 2318 598 2391 apud
619 2318 737 2377 Suidam
755 2319 911 2376 Pisistrato
926 2320 1087 2391 complures
1101 2319 1174 2376 socii
1187 2320 1284 2391 operis

281 2395 492 2454 adscribuntur.
526 2396 566 2454 At
585 2401 746 2454 memoratu
760 2394 945 2467 dignissimus
967 2402 1012 2454 est
1025 2396 1104 2455 locus
1119 2395 1284 2454 Pausaniae

281 2480 348 2532 ante
369 2474 484 2545 allatus,
505 2474 555 2531 ubi
575 2490 662 2545 quum
682 2472 719 2529 de
740 2473 883 2530 varietate
905 2474 1027 2531 nominis
1040 2474 1073 2530 Il.
1086 2469 1117 2545 β.
1133 2475 1198 2531 573.
1214 2473 1284 2544 agit,

281 2722 361 2776 situm
381 2727 429 2775 est.
466 2720 592 2774 Ceterum
608 2721 680 2774 hunc
700 2718 838 2787 dialogum
856 2736 910 2775 non
929 2721 1073 2788 genuinum
1086 2736 1145 2774 esse
1158 2721 1286 2790 Platonis,

281 2790 329 2842 sed
347 2788 380 2842 ab
390 2787 482 2842 Attico
501 2791 630 2857 scriptum
648 2790 725 2842 istius
742 2789 868 2856 familiae,
887 2805 957 2856 quae
975 2790 1056 2846 etiam
1069 2789 1229 2844 Oratoribus
1246 2797 1286 2845 tot

280 2857 458 2927 μελετήματο
475 2856 596 2926 subiecit,
615 2856 747 2911 dubitatio
758 2858 858 2910 veteris
870 2857 962 2911 Critici
974 2857 1046 2925 apud
1055 2857 1199 2911 Aelianum
1214 2858 1285 2926 vlu,

282 2931 306 2978 2.
325 2925 405 2992 (conf.
425 2941 507 2992 supra
526 2941 584 2993 cap.
603 2925 690 2992 XlII.)
708 2932 736 2978 et
754 2924 930 2979 Valckenarii
953 2942 1077 2980 assensus
1101 2926 1129 2978 in
1146 2926 1286 2982 Herodoto

282 2991 394 3046 Wessel.
413 3009 439 3060 p.
457 2997 516 3048 398.
541 2994 606 3046 mihi
629 2995 709 3061 plane
733 2994 877 3062 persuasit.
914 2993 989 3059 Quae
1007 2993 1164 3048 coniectura
1182 2995 1205 3047 si
1223 2995 1287 3048 viris

282 3060 446 3115 doctioribus
463 3061 636 3129 probabitur,
662 3061 820 3130 (eademque
845 3062 989 3129 aliquando
1016 3070 1044 3115 et
1070 3061 1139 3116 alios
1157 3063 1287 3131 quosdam

281 3129 398 3182 minores
416 3129 536 3196 dialogos
554 3130 661 3183 Platoni
678 3130 784 3199 eripiet,
802 3137 830 3184 et
850 3130 885 3183 ad
901 3130 1084 3184 Demodocum
1103 3137 1132 3184 et
1143 3129 1185 3184 Sis
1223 3131 1287 3185 hum

282 3198 410 3265 reiicict‚)
435 3213 513 3251 nemo
535 3197 693 3265 mirabitur,
722 3215 771 3253 cur
794 3198 980 3268 Hipparchum
1003 3215 1057 3252 nou
1081 3215 1142 3252 com
1198 3200 1286 3253 eureio

281 3266 410 3320 maiorem
440 3273 506 3318 natu
533 3283 613 3334 quam
630 3267 758 3335 Hippiam
786 3267 996 3336 appellaverim,
1019 3267 1107 3321 victus
1129 3268 1287 3346 gravissima

282 3335 445 3388 auctoritate
464 3334 628 3402 Thucydidis
646 3343 674 3389 et
693 3335 889 3404 quodammodo
909 3335 991 3388 etiam
1009 3335 1149 3389 Herodoti.

351 3422 387 3488 1⁶)
405 3421 522 3488 Lycurg.
540 3421 568 3472 iu
585 3421 680 3475 Leocr.
698 3439 725 3490 p.
744 3425 802 3476 209.
828 3421 920 3475 Reisk.
958 3420 1035 3474 Οὕτω
1053 3421 1192 3486 ὑπέλαβον
1212 3422 1285 3484 ὑμῶν

283 3490 308 3542 αἱ
330 3490 451 3559 πατέρες
469 3491 620 3541 ῐσποοδαῒον
645 3490 714 3542 εἶναι
738 3491 866 3559 ποιητήν,
891 3490 961 3550 abore
986 3490 1068 3553 νόμον
1089 3488 1202 3554 ἔθεντο,
1227 3490 1285 3542 καθ’

284 3559 402 3626 ἑκάστην
422 3559 624 3628 πενταετηρίδα
642 3563 696 3610 τῶν
716 3555 915 3627 Παναθηναίων
933 3558 1019 3621 μόνον
1037 3562 1094 3609 τῶν
1109 3557 1198 3611 ἄλλων
1211 3577 1285 3628 ποιη-

197 3631 201 3638 “
284 3632 341 3679 τῶν
360 3628 552 3696 ῥαψῳδεῖσθαι
570 3627 604 3677 τὰ
623 3626 683 3695 ἔπη,
707 3625 834 3682 ἐπίδειξιν
854 3627 1007 3689 ποιούμενοι
1024 3629 1095 3695 πρὸς
1112 3627 1180 3686 τοὺς
1190 3625 1285 3696 Ἕλλη·

284 3714 339 3758 νας,
358 3697 401 3747 ὄτι
419 3695 453 3746 τὰ
470 3695 601 3747 κάλλιστα
618 3700 674 3746 τῶν
694 3692 783 3762 ἔργων
801 3699 987 3764 προῃροῦντο.

352 3781 388 3846 1⁷)
406 3779 536 3834 Herodot.
554 3778 615 3846 VII,
633 3782 658 3832 6.
676 3780 755 3833 Plato
773 3778 790 3834 1.
808 3795 831 3834 c.
850 3779 923 3834 Suid.
941 3779 1017 3834 Tom.
1035 3780 1071 3836 H.
1089 3794 1153 3848 pag.
1171 3783 1231 3837 719.
