3034 4434
679 546 855 598 ..42-

265 692 494 772 βουστροφηδόν.
533 693 653 752 Privata
680 708 717 749 an
743 692 868 751 habilior
893 698 955 749 tum
980 690 1070 751 fuerit
1096 691 1176 764 apud
1196 693 1267 764 illos,

268 773 387 831 dubium
411 770 538 829 reddunt
562 769 681 827 eaedem
704 771 847 839 rationes,
871 774 992 841 propter
1018 785 1090 840 quas
1115 768 1267 827 Bentleins

268 849 458 922 plaustrarias
471 846 584 907 fabulas
595 846 757 904 Susarionis
769 852 800 904 et
808 845 963 917 Thespidis
974 845 1100 918 (Olymp.
1110 845 1268 917 L-LXI.)

269 927 376 998 scripto
396 924 490 984 editas
509 921 680 996 negavit³³),
700 924 814 981 nemine
835 922 1014 980 eruditorum
1039 921 1267 981 contradicente.

268 1001 355 1062 Certe
379 1002 542 1061 Atticorum
568 1000 740 1072 scriptorum
769 1017 826 1058 non
853 1005 920 1057 ante
945 998 1065 1057 Persica
1090 998 1269 1070 tempora⁸⁴l

230 1084 255 1122 ⁷⁰
268 1079 376 1138 montio
394 1076 428 1136 fit
446 1083 498 1136 aut
517 1075 763 1150 significatio,'cui
784 1093 841 1135 non
861 1073 1091 1148 fidemderoget
1110 1076 1189 1133 illius
1204 1075 1268 1134 aevi

269 1162 299 1214 et
317 1157 362 1213 rei
381 1154 515 1228 pubhcae
534 1153 623 1212 facies
644 1159 674 1211 et
694 1154 929 1225 gravissimorum
949 1159 1099 1211 auctorum
1113 1153 1271 1211 silentium.

269 1231 327 1292 Sed
346 1249 402 1292 non
421 1247 589 1304 persequar,
610 1231 687 1303 quod
707 1236 807 1288 tenere
828 1231 890 1288 sine
909 1229 1003 1302 longis
1017 1229 1187 1302 ambagibus
1208 1245 1266 1288 non

268 1325 398 1382 possnm3
424 1309 500 1367 ultro
525 1310 613 1367 etiam
639 1307 844 1378 concesserim,
869 1306 1017 1377 aliquanto
1043 1312 1112 1364 ante
1132 1305 1268 1364 Solonem

268 1386 390 1444 Athenis
400 1385 474 1444 hanc
484 1392 576 1444 artem
585 1385 736 1458 paullatim
746 1384 859 1456 privato
869 1383 965 1442 studio
976 1384 1111 1455 usurpari
1120 1388 1270 1455 coeptam:

267 1479 361 1534 neque
378 1462 451 1522 adeo
470 1462 579 1534 dubito,
599 1463 668 1534 quin
686 1461 718 1518 id
738 1461 862 1519 saeculis
875 1459 958 1520 vm.
981 1467 1011 1518 et
1029 1460 1093 1517 VII.
1110 1460 1141 1516 in
1160 1460 1268 1517 ceteris

268 1540 441 1612 civitatibus,
467 1540 635 1599 nominatim
654 1539 753 1598 Ioniae
774 1544 804 1596 et
822 1537 950 1608 Magnae
972 1537 1123 1608 Graeciae,
1143 1533 1269 1595 fecerint

268 1616 445 1676 sollertiores
466 1617 582 1689 quidem
601 1616 740 1687 homines,
762 1629 919 1685 eorumque
941 1614 1158 1686 exemplumvel
1172 1615 1266 1671 secuti

268 1693 314 1752 vel
338 1693 394 1767 ipsi
420 1710 482 1752 rem
502 1694 644 1766 auspicati
670 1693 727 1749 sint
754 1696 859 1765 politae
879 1691 1025 1758 nonnulli,
1050 1691 1152 1749 sinon
1171 1691 1270 1762 Asius,

268 1770 421 1842 Eumelus,
445 1771 595 1840 Arctinus,
622 1769 684 1840 alii,
711 1768 764 1826 sub
792 1768 892 1840 primis
919 1766 1051 1841 Olympp.
1081 1768 1152 1825 clari
1178 1767 1269 1839 epicis

270 1846 459 1918 Carminibus,
480 1852 511 1905 at
531 1851 610 1904 certe
629 1845 830 1916 Archilochus,
850 1844 980 1916 Alcman,
1001 1843 1152 1915 Pisander,
1178 1844 1270 1902 Arion

268 1922 418 1981 ethorum
439 1923 589 1993 aequales:
610 1922 751 1980 tamensi
772 1921 809 1980 de
829 1924 957 1978 amomon
980 1922 1097 1978 Graecia
1120 1926 1150 1979 ct
1169 1921 1269 1992 paullo

268 1999 381 2057 tritiore
395 1999 535 2056 usuariis
549 2000 720 2068 institutoque
731 2001 982 2054 comedendarum
996 2001 1126 2054 librorum
1140 1998 1269 2070 quaeriS,

268 2073 341 2131 illud
360 2075 564 2150 removendum
584 2090 641 2133 non
662 2090 726 2132 esse
746 2074 916 2147 aThaletis,
938 2074 1059 2148 Solonis,
1079 2074 1228 2132 Pisistrati
1242 2079 1274 2133 et

270 2167 378 2223 eorum,
400 2152 448 2222 qui
470 2151 624 2225 Sapientes
644 2152 837 2224 appellantur,
857 2158 964 2224 aetate,
984 2153 1003 2208 i.
1018 2167 1043 2210 e.
1058 2169 1094 2210 ea
1108 2168 1165 2222 qua
1178 2152 1274 2212 oratio

268 2232 360 2286 metro
382 2228 454 2287 solvi
475 2228 580 2301 coepit,
600 2229 643 2287 ita
662 2227 806 2300 signifieat
824 2228 907 2288 nobis
920 2229 1045 2288 historia
1058 2229 1163 2287 artium
1179 2227 1275 2287 Grae-

269 2320 367 2361 carum
387 2305 521 2376 omnium,
541 2310 574 2362 ut
593 2303 742 2365 infantiam
763 2322 845 2371 suam
865 2306 949 2365 obliti
962 2306 1060 2380 populi
1074 2305 1271 2366 testimonium

270 2381 385 2439 minime
406 2381 629 2442 desiderandum
649 2383 791 2441 videatur.

346 2457 392 2518 De
411 2461 525 2518 cultura
543 2476 649 2533 prosae
668 2461 816 2533 orationis,
837 2462 956 2520 ineunte
976 2461 1091 2520 saeculo
1112 2467 1180 2518 ante
1201 2460 1270 2520 cnr.

268 2533 316 2593 VI.
337 2553 355 2595 a
379 2537 510 2609 pluribus
536 2543 567 2596 et
584 2538 648 2610 ipso
669 2538 774 2596 Solone
793 2538 940 2610 inchoata,
971 2538 1065 2608 deque
1085 2539 1181 2595 causis
1201 2539 1269 2598 novi

231 2615 255 2654 ²1
269 2611 377 2684 incepti
400 2614 470 2672 nihil
499 2615 548 2674 hic
571 2614 665 2674 habeo
692 2615 803 2674 dicere:
830 2621 860 2673 ct
885 2631 960 2687 quae
991 2631 1026 2672 ex
1046 2621 1177 2673 veterum
1196 2615 1269 2674 locis

268 2688 378 2745 hauriri
397 2698 527 2763 possunt,
547 2690 627 2749 dicta
639 2697 706 2750 sunt
718 2692 828 2750 omnia:
850 2697 882 2749 at
894 2708 981 2749 unam
996 2708 1066 2764 rem,
1087 2692 1143 2749 etsi
1157 2692 1187 2748 in
1201 2707 1269 2750 con·

269 2765 381 2823 iectura
399 2767 532 2839 positam,
553 2766 679 2839 afferam,
700 2769 755 2825 nisi
776 2768 873 2826 omnia
891 2784 938 2826 me
951 2767 1064 2840 fallunt,
1084 2768 1269 2827 utilissimam

268 2840 336 2897 huic
356 2843 517 2911 quaestioni
535 2849 661 2902 nostrae.
691 2843 766 2902 Nam
780 2845 895 2902 videtur
914 2845 1001 2918 plane
1011 2861 1129 2903 necesse
1143 2861 1219 2916 esse,
1239 2851 1272 2902 ut

269 2921 338 2988 tum,
360 2933 445 2987 quum
461 2917 566 2977 Graeci
584 2920 722 2993 impetum
743 2929 882 2995 caperent
902 2922 1017 2980 uincula
1036 2922 1158 2980 metrica
1177 2922 1271 2980 revel-

269 3059 388 3195 LennZZ).
401 3059 434 3113 In
451 3061 530 3129 Apol.
548 3061 618 3116 Diss.
637 3062 670 3117 de
686 3064 787 3133 Epistt.
806 3065 957 3122 Phalaridis
974 3084 1001 3136 p.
1022 3072 1078 3122 109.
1097 3083 1157 3135 sqq.
1176 3067 1269 3122 transs

336 3216 372 3293 34)
389 3214 426 3268 Ut
443 3221 584 3282 poetarum
602 3219 771 3297 cpmicorum,
796 3219 953 3287 Ohionidae,
970 3219 1114 3288 Magnetis,
1133 3227 1165 3275 ut
1201 3221 1269 3275 hilo·

262 3283 554 3430 ·ttltt¹3h⁸t’.¹'t⁶f
564 3287 1193 3425 riui.⁰iritffthvt0ith¹¹l⁰hi⁰alifuhils
1204 3305 1270 3420 tt

269 3435 348 3488 quam
365 3419 445 3486 pmmi
462 3433 496 3471 ex
514 3419 628 3474 Cornicis
639 3423 737 3477 Atticis
755 3426 876 3478 meminit
887 3424 1057 3494 Aristoteles,
1075 3428 1151 3480 annis
1169 3431 1187 3480 8
1204 3435 1268 3481 ante

268 3487 387 3541 Xerxem
397 3486 503 3541 fabulas
511 3486 641 3557 docuisse,
660 3506 694 3544 ex
707 3493 825 3560 antiquis
836 3494 1048 3562 chronographis
1060 3495 1163 3548 notarit
1172 3494 1270 3549 Suidas

268 3572 328 3609 cum
345 3554 482 3675 Eudociai
493 3555 561 3608 hene
579 3556 640 3612 ideo
658 3575 675 3612 a
693 3558 829 3628 scaligero
849 3562 878 3614 in
898 3561 991 3615 Descr.
1009 3562 1133 3631 Olympp.
1151 3563 1268 3617 relatum

269 3624 305 3679 ad
320 3624 361 3679 01.
379 3622 504 3678 LXXII.
539 3623 688 3694 Utrumque
707 3634 798 3682 autem
815 3629 937 3696 pluribus
955 3631 1033 3684 annis
1049 3647 1210 3700 praegressa
1228 3636 1270 3684 est

269 3692 412 3748 Comoedia
429 3691 593 3746 Graecorum
611 3694 796 3763 siciliensium,
813 3696 848 3750 ah
865 3696 1038 3766 Epicharmo,
1056 3699 1079 3752 si
1095 3706 1178 3754 nutus
1195 3705 1268 3753 vete·

268 3777 327 3814 rum
345 3768 418 3815 recte
436 3775 572 3830 assequor,
590 3764 740 3831 perscripta
757 3767 811 3818 iam
829 3774 892 3820 anto
910 3765 1020 3820 Gelonis
1038 3767 1214 3837 tyrannidem.
