3034 4434
627 553 737 607 -113
765 578 804 588 -

217 702 310 761 mitem
331 701 526 776 expeditionis
547 716 644 760 secum
664 700 746 759 duxit
759 701 789 758 in
802 701 911 775 Asiam,
931 716 1042 774 perque
1062 702 1214 762 intervalla

216 779 394 853 negotiorum
418 795 478 838 una
508 794 572 837 cum
598 776 775 837 Callisthene
801 784 831 837 et
856 777 1028 838 Anaxarcho
1037 778 1075 850 ¹⁸)
1106 780 1214 839 lectum

215 872 322 930 suaque
341 871 430 915 mann
449 861 591 927 notatum
610 860 749 927 tanquam
766 858 992 927 mahometanum
1005 858 1117 912 hamoni
1128 859 1215 913 animi

215 953 280 1006 opos
299 935 332 992 in
352 933 577 1005 exquisitissimo
596 931 715 992 Persico
741 933 846 991 scrinio
866 933 1005 1006 reposuit.
1047 933 1102 1006 Qui
1123 933 1214 993 codex

213 1027 247 1070 an
266 1016 374 1084 postea
392 1011 506 1070 venerit
523 1011 554 1068 in
572 1009 779 1069 bibliothecam
799 1008 1041 1082 Ptolemaeorum,
1068 1016 1099 1069 at
1118 1028 1136 1070 a
1157 1027 1213 1083 quo

214 1087 320 1149 critico
345 1086 492 1147 adhibitus
519 1086 557 1146 sit
583 1086 620 1145 ad
647 1086 870 1159 emendandum,
901 1087 1123 1146 incertissimum
1153 1093 1213 1160 est3

212 1164 360 1225 adhibitus
381 1166 457 1224 enim
477 1180 542 1224 esse
562 1163 655 1222 videri
684 1168 790 1237 potest.
825 1163 883 1222 Sed
907 1165 997 1224 multo
1017 1162 1214 1237 frequentiore

211 1258 264 1302 usu
274 1242 495 1316 interpretibus
515 1242 587 1300 trita
606 1243 768 1314 reperimus
790 1239 920 1299 eiusdem
933 1241 1096 1315 philosophi
1109 1237 1215 1320 'ricopv‘p

208 1338 287 1396 ματα
311 1335 366 1378 seu
391 1315 586 1397 Προβλήματα
610 1312 744 1396 Ὁμηρικά
771 1322 801 1376 01
821 1313 992 1408 Ἀπορῄματα
1011 1317 1152 1396 ποιητικά,
1177 1335 1213 1378 ex

212 1412 333 1468 quorum
353 1413 474 1470 operum
493 1397 600 1470 priore,
619 1396 742 1454 maxime
762 1395 792 1452 in
812 1395 934 1455 Scholris
946 1394 1109 1469 Porphyrii,
1129 1398 1215 1469 plura

211 1480 382 1548 supersunt,
407 1473 484 1532 unde
510 1490 567 1533 non
586 1471 750 1546 fragmenta
770 1472 887 1544 quidem
908 1477 938 1531 et
957 1473 1021 1545 ipsa
1041 1472 1129 1532 verba
1148 1473 1214 1530 Ari·
1309 1475 1312 1481 ’

210 1551 341 1623 stotelis,
367 1551 420 1609 sed
446 1556 544 1610 tamen
564 1551 625 1610 eius
646 1551 789 1609 rationem
808 1548 1020 1623 interpretandi
1040 1565 1214 1621 cognoscere

210 1626 362 1698 licebit⁴⁹l.
402 1627 494 1688 Nobis
514 1644 598 1701 vero,
624 1628 654 1685 in
679 1627 803 1687 historia
826 1632 924 1685 textus
949 1626 1035 1684 unice
1054 1627 1211 1700 occupatis,
1229 1660 1264 1699 „5

210 1704 371 1766 omittenda
390 1711 457 1764 sunt
476 1705 549 1764 haec
569 1710 599 1764 et
619 1705 732 1776 similia,
753 1720 841 1776 quum
860 1720 949 1761 unum
968 1703 1023 1761 hoo
1035 1703 1141 1762 iterum
1154 1720 1213 1763 mo-

210 1784 367 1855 nnerimus,
397 1781 474 1854 qued
489 1782 557 1855 ipse
577 1782 679 1840 titulus
699 1782 815 1840 illorum
833 1781 972 1840 librorum
991 1779 1122 1850 indicat,
1155 1781 1213 1840 iam

210 1865 276 1919 ante
304 1858 453 1919 conditum
476 1875 607 1918 museum
626 1858 855 1917 Alexandrinum
881 1853 1069 1937 προβλήματα
1088 1875 1111 1916 s.
1133 1855 1214 1937 (ps-ir

209 1956 285 2012 ματα
305 1942 337 1995 et
358 1930 455 2001 λύσεις
473 1936 635 1996 oblectasse
656 1936 746 1995 otium
768 1934 925 2010 doctorum,
948 1935 1096 2007 exiitque
1122 1935 1214 1995 ourio-

211 2014 314 2075 sierem
336 2028 450 2073 omnem
468 2013 736 2088 interpretationem
756 2015 964 2073 sententiarum
984 2018 1079 2075 ortum
1093 2013 1213 2088 cepisse.

657 2224 759 2300 XLI.

282 2398 462 2458 Enumeravi
482 2404 547 2458 oete
568 2400 756 2472 exemplaria,
778 2414 898 2470 quorum
912 2413 1016 2457 nomen
1030 2397 1144 2457 celebre
1157 2395 1213 2456 fuit

210 2476 285 2552 apud
311 2475 523 2536 vetustissimos
551 2475 771 2536 Grammaticos.
819 2476 933 2549 Quippe
958 2476 988 2532 in
1013 2475 1068 2534 hoe
1092 2489 1211 2533 numero

210 2553 373 2627 ponendum
391 2569 450 2613 non
470 2558 516 2612 est
534 2553 725 2626 Euripideum
746 2552 900 2625 quoddam,
921 2552 958 2610 de
978 2568 1035 2624 quo
1055 2567 1128 2609 unus
1150 2550 1212 2610 Sui-

210 2630 258 2691 das
287 2631 467 2690 mentionem
496 2628 567 2690 facit
602 2647 705 2704 parum
731 2629 953 2701 aocmatamwr
985 2629 1115 2702 quamvis
1139 2629 1213 2687 haec

276 2861 323 2941 ⁴⁸).
331 2860 374 2915 De
391 2860 444 2916 hoc
461 2860 522 2916 ride
535 2861 595 2917 loca
605 2877 648 2930 ap.
661 2861 774 2929 Menag.
795 2860 830 2914 ad
841 2860 932 2915 Laert.
944 2860 993 2929 IX,
1010 2864 1053 2918 58.
1073 2859 1212 2915 Callisthe-

208 2944 253 2984 nes
271 2937 339 2984 satm
350 2935 439 2984 notus.

273 3015 312 3083 4⁹)
328 3013 399 3069 Vide
420 3016 456 3070 ed
479 3015 509 3081 β.
527 3019 569 3071 53.
582 3018 646 3071 -169,
667 3020 729 3071 183.
747 3019 809 3071 305.
839 3015 925 3069 Gatal.
948 3018 1005 3071 lte.
1030 3032 1056 3083 r.
1074 3018 1133 3071 276.
1151 3017 1211 3071 277.

209 3083 230 3138 d.
251 3085 293 3138 88.
312 3087 356 3139 93.
373 3086 432 3140 297.
451 3101 475 3139 s.
493 3084 551 3140 741.
570 3085 628 3140 778.
647 3086 671 3144 ζ.
689 3089 750 3140 234.
768 3102 793 3154 η.
812 3087 853 3138 93.
872 3087 931 3138 228.
957 3086 1136 3141 0171198.
1155 3087 1212 3139 153.

208 3154 268 3208 252.
288 3156 389 3208 10295.
408 3171 434 3206 π.
453 3156 512 3208 233.
531 3170 555 3208 τ.
576 3157 633 3208 108.
652 3155 681 3220 ψ.
701 3156 762 3208 169.
782 3173 812 3204 ω.
835 3157 873 3207 15.
893 3156 951 3208 569.
981 3152 1126 3207 Praetereo
1144 3153 1212 3218 loca,

207 3219 252 3275 uhi
270 3220 375 3288 aliquid
392 3236 426 3276 ex
437 3220 554 3288 Politiis,
578 3237 613 3275 ex
629 3222 700 3276 Hist.
728 3226 819 3275 natur.
836 3219 976 3290 laudatur,
1004 3220 1110 3290 aliaque
1129 3227 1160 3277 ut
1177 3220 1214 3277 ad

207 3288 229 3343 1.
250 3293 348 3344 111111.
369 3293 434 3358 149,
453 3296 481 3344 et
499 3305 534 3344 ex
550 3289 703 3346 Rhetoricis
721 3289 809 3358 petita
827 3288 874 3343 illa
892 3289 927 3344 ad
945 3307 970 3345 a.
988 3294 1048 3345 303.
1067 3293 1126 3344 481.
1151 3289 1212 3344 Om-

206 3357 269 3412 nino
292 3357 322 3411 in
343 3358 386 3412 his
413 3358 534 3412 omnibus
559 3373 704 3427 perparum
723 3357 872 3413 adiumenti
891 3364 932 3413 est
950 3357 985 3412 ad
1002 3358 1149 3413 tollendam
1166 3357 1212 3413 ob·

207 3425 365 3481 munitatem
388 3426 582 3482 sententiarum
606 3433 634 3480 et
657 3428 815 3495 verborum,
845 3427 896 3480 etsi
921 3427 1048 3482 nonnulla
1066 3429 1132 3481 satis
1150 3432 1212 3480 sunt

206 3493 347 3564 ingeniosa
365 3498 393 3548 et
410 3494 445 3549 ad
461 3495 601 3559 historiam
617 3496 851 3564 interpretationis
868 3495 955 3551 utilia.

274 3581 312 3648 ⁶⁰)
330 3579 422 3634 Etiam
445 3594 544 3648 genere
561 3579 696 3651 loquendi,
723 3582 752 3634 in
769 3581 821 3635 hac
839 3596 868 3634 re
886 3581 994 3634 minime
1011 3580 1120 3643 usitato,
1139 3581 1169 3634 T.
1190 3581 1211 3638 Ι.

225 3688 231 3704 .
250 3645 488 3718 edifficantes
505 3645 554 3717 (Eo
577 3649 672 3721 ιπίοης,
691 3654 740 3705 τοῦ
757 3668 778 3703 π
798 3651 909 3719 οτέρου,
926 3649 1115 3703 incertussum
1127 3649 1211 3719 cuius,

255 3718 380 3786 λφιδοῦς)
387 3714 530 3787 Ὁμηρικὴν
543 3667 662 3771 ἧδοσιν·
675 3720 701 3772 el
712 3721 750 3791 μὴ
765 3669 821 3788 «ἔπι
833 3719 932 3787 ἑτέρου
943 3717 1026 3771 ἐστίν.
1043 3717 1088 3788 [ef.
1100 3718 1212 3773 Boeekh

205 3784 239 3841 de
256 3793 328 3855 trag.
349 3783 396 3839 Gr.
413 3800 440 3853 p.
459 3787 669 3857 1201361111]
1034 3830 1036 3834 .

232 3881 328 3927 weit.
344 3879 512 3930 Prelusemm.
818 3898 821 3905 ·
1054 3885 1071 3925 e
