3034 4434
607 561 782 619 -147-

202 717 263 775 eius
284 716 389 775 multas
410 721 440 774 et
461 715 593 788 egregias
612 714 760 787 lectiones
780 715 885 788 partim
905 715 991 788 vulgo
1010 723 1143 791 receptas
1155 716 1192 778 ab

199 791 383 865 omnibus24),
404 794 510 866 partim
529 788 735 866 praeferendas
754 791 808 864 his,
829 808 903 864 quac
923 798 1058 866 receptae
1072 793 1193 869 sunt²⁵);
1206 811 1246 852 aso

198 870 327 929 videmus
349 886 412 928 enm
427 886 462 928 ex
476 869 672 943 discrepantia
684 869 808 942 plurium
820 869 975 928 lectionum
989 886 1052 943 eam
1065 868 1126 931 fero
1136 874 1194 932 ele

196 949 290 1025 gissa,
317 963 391 1019 quae
411 947 565 1007 Homerico
590 947 705 1019 ingenio
723 950 761 1024 ‚et
780 946 980 1005 consuetudini
999 947 1111 1020 ipsique
1130 950 1194 1011 loco

227 1169 236 1192 ’
264 1181 301 1246 24)
318 1180 398 1234 Locis
415 1177 568 1244 innumeris,
585 1175 632 1230 ubi
648 1174 677 1228 id
688 1191 798 1244 prorsus
808 1176 954 1242 nescimus,
970 1178 1038 1246 aliis,
1050 1176 1194 1248 inquibus,

198 1249 305 1305 collatis
323 1247 445 1302 omnibus
462 1244 652 1303 instrumentis,
669 1249 774 1298 tantum
785 1244 928 1298 verisimile
939 1243 978 1314 fit,
996 1246 1197 1303 Aristarcheam

201 1319 334 1372 rationem
352 1317 380 1369 in
397 1315 506 1383 vulgato
523 1318 601 1367 textu
618 1318 709 1366 nostro
727 1328 799 1393 ussup
816 1313 907 1366 multis
919 1314 1043 1383 denique,
1061 1316 1197 1384 inquibus

202 1401 261 1440 ram
279 1400 351 1439 nunc
368 1383 476 1438 tandem
494 1398 553 1436 com
589 1381 679 1434 rimus.
715 1379 798 1434 Verbi
815 1397 855 1448 gr.
874 1381 902 1448 β.
914 1383 973 1436 397.
990 1383 1124 1448 γένωνται
1140 1385 1198 1452 (alii

205 1455 358 1510 scribebant
375 1454 492 1522 γένηται.
512 1467 537 1504 v.
577 1465 620 1517 ap.
637 1449 749 1516 XLIII.)
767 1450 790 1506 ό.
808 1453 867 1505 299.
886 1449 1002 1502 ἔλασσεν
1022 1451 1066 1518 (aI
1079 1451 1198 1522 ἔεργεν.)
1236 1485 1244 1491 --

202 1542 227 1577 ε.
246 1524 305 1578 797.
324 1521 434 1590 τείρετο
458 1521 503 1588 (al.
521 1519 658 1589 τρίβετα.)
684 1536 708 1587 η.
727 1522 787 1572 213.
812 1518 897 1584 βιβάς
919 1518 977 1585 (alii
993 1519 1098 1585 βιβῶν,
1126 1521 1199 1589 quod

203 1592 291 1660 ipsum
314 1596 405 1643 tamen
429 1608 451 1640 ο.
469 1585 679 1671 3073tribuitur
704 1586 874 1671 Aristarcho)
899 1606 915 1638 ι.
938 1591 997 1642 310.
1019 1591 1130 1658 φρονέω
1153 1590 1199 1658 (al.

202 1665 332 1794 tuditi
345 1654 913 1802 saia§ittitriabuisti
942 1659 998 1776 ¹i²i
1005 1656 1125 1794 sitii
1135 1657 1199 1780 511

202 1799 236 1851 A.
254 1796 299 1849 ine
319 1793 532 1848 inscribebatur
558 1792 753 1862 θεραπωνεός,
777 1798 846 1848 sicut
865 1788 1024 1857 Ἐτεωνεύς,
1048 1793 1153 1847 Harles
1170 1794 1200 1848 in

203 1864 273 1919 Bibl.
316 1863 371 1917 abr.
390 1864 466 1917 nobis
483 1861 549 1915 iacit
566 1860 776 1916 Grammaticum
792 1861 957 1927 Eteoncum,
978 1868 1009 1914 ut
1026 1861 1199 1917 Xenodocum

204 1950 240 1987 ex
256 1931 382 1986 Eustath.
408 1930 444 1984 ad
469 1950 494 1999 γ.
513 1934 584 1997 354.)
612 1934 671 1984 415.
701 1930 777 1981 ἰόντα
804 1929 850 2000 (al.
869 1928 887 1984 f.
906 1928 1010 1999 ἐόντα.)
1033 1933 1092 1985 446.
1117 1931 1150 2001 δή
1173 1949 1200 1984 τι

206 2001 328 2063 ἐΐσκομεν
356 1999 401 2066 (al.
428 2001 462 2069 δή
480 2017 508 2051 τι
533 2001 563 2051 σ’
580 1999 657 2065 ἐΐσκ.)
683 1996 707 2057 ξ.
726 2003 768 2052 40.
786 1997 874 2083 πλῆξε
902 1997 948 2066 (al.
965 1998 1056 2069 πῆξε.)
1087 2001 1143 2054 157.
1168 2005 1201 2054 ut

204 2091 228 2123 υ.
245 2075 288 2124 59.
309 2074 337 2122 et
355 2067 419 2120 alibi
436 2067 614 2127 πολυπίδακος
635 2065 681 2135 (al.
699 2068 900 2131 πολυπιόακου.)
917 2085 941 2119 ο.
959 2072 1001 2123 64.
1020 2068 1151 2139 ἀνστήσει
1167 2069 1200 2121 ὃν

203 2139 317 2208 ἑταῖρον
336 2136 381 2204 (al.
401 2136 561 2205 ἀνστήσειεν
582 2137 632 2203 ir.)
652 2136 708 2191 187.
731 2137 756 2187 τ’
782 2137 812 2188 ἐκ
829 2131 937 2204 Κρόνου
954 2137 999 2204 (ab
1018 2155 1050 2189 τε
1068 2133 1200 2209 Κρόνον.)

195 2210 265 2272 orl.
297 2205 383 2274 αὐτήν
412 2205 457 2272 (al.
477 2204 579 2273 ἀκτήν)
610 2222 636 2256 π.
655 2206 696 2256 31.
727 2203 863 2274 Αλναρέτη
893 2203 937 2272 (al.
956 2205 1124 2276 Δλναρέτης.)
1141 2209 1216 2262 261.-

205 2274 316 2346 ἔχοντας
334 2274 379 2343 (al.
398 2272 528 2343 ἔχοντες.)
545 2291 572 2341 ρ.
591 2273 649 2328 637.
667 2273 744 2341 δεῦρ’
761 2272 898 2342 ὁρόωντες
914 2271 959 2337 (al.
979 2277 1025 2325 νῦν
1043 2275 1198 2343 ὁρόωντες.)

205 2363 230 2396 ιν.
247 2346 289 2396 28.
308 2345 340 2394 τέ
358 2360 401 2406 μιν
422 2340 466 2407 (al.
484 2339 513 2391 τί
527 2343 591 2408 μιν.)
611 2344 676 2408 114.,
694 2346 725 2392 ut
743 2359 767 2393 o.
786 2344 851 2407 127,
869 2341 886 2408 ἡ
904 2340 936 2391 δ’
953 2338 1047 2405 ἄμυδις
1064 2342 1110 2408 (al.
1121 2343 1138 2412 ἦ
1151 2343 1201 2410 ἀὲ.)

203 2414 233 2477 ψ.
255 2415 294 2464 18.
324 2410 509 2479 ἀνδροφονοῡς
538 2409 583 2477 (al.
601 2409 652 2460 ἀνό
671 2409 791 2477 οφόνοιν.)
818 2427 848 2460 ω.
868 2412 924 2461 125.
951 2409 1038 2478 κλισίῃ
1068 2409 1112 2478 (al.
1130 2410 1200 2476 plur.

205 2480 330 2549 κλισίῃς)
347 2483 406 2533 344.
425 2478 516 2530 ἐόέλει
534 2477 578 2545 (al.
596 2429 700 2547 ἐόέλθῃ.)
717 2480 777 2530 546.
798 2473 855 2528 Τῶν
873 2475 920 2544 (al.
942 2473 1004 2543 T'⁴.)
1021 2482 1072 2530 etc.
1107 2477 1201 2546 Levia,

206 2547 303 2614 fateor,
321 2551 383 2601 sunt
401 2546 454 2600 ista
470 2561 514 2598 ma
551 2561 594 2598 am
611 2554 724 2613 partem,
741 2559 793 2598 neo
811 2542 901 2612 qualia
918 2558 935 2597 a
951 2496 1073 2623 iIbntlmo
1084 2545 1201 2600 Alexan·

206 2615 284 2670 drino
303 2621 457 2683 exspectes,
481 2629 509 2667 se
550 2613 620 2668 bona
641 2620 733 2666 tamen
755 2619 784 2666 et
801 2612 931 2680 appositis
948 2612 1088 2681 scripturis
1105 2613 1201 2670 merito

205 2684 335 2752 praelata.
371 2683 477 2750 Sumpsi
494 2688 584 2736 autem
601 2683 677 2750 haec,
694 2697 749 2736 non
767 2681 844 2749 elegi.

276 2768 312 2836 25)
330 2768 389 2822 Ηοα
413 2784 489 2823 ame
513 2768 619 2836 saepius
641 2767 809 2835 factumest,
832 2766 911 2820 modo
929 2766 1094 2821 constantiae
1112 2783 1202 2840 causo,

209 2837 288 2891 modo
306 2843 419 2904 propter
435 2837 604 2892 manifestam
620 2835 814 2904 praestantiam
831 2851 930 2889 aarum.
965 2834 1003 2888 Ut
1020 2836 1043 2888 d.
1060 2839 1121 2891 235.
1138 2838 1202 2902 φιν·

208 2906 285 2958 όέσσι
302 2921 352 2972 pro
371 2906 505 2970 ψεύδεσσι
521 2906 538 2959 i.
558 2922 580 2959 e.
600 2908 733 2972 ψευσταῖς
749 2920 776 2972 p.
794 2904 917 2970 ψεύδεσι.
941 2923 956 2956 ι.
975 2904 1034 2959 317.
1053 2911 1081 2958 et
1097 2924 1124 2974 ρ.
1146 2909 1202 2962 iss.

207 2973 251 3026 ἐπ’
272 2974 389 3043 ἀνδράσι
406 2991 433 3041 p.
450 2977 517 3038 μετ’
545 2974 669 3044 ἀνδράσι.
692 2973 715 3027 λ.
733 2977 776 3026 40.
803 2973 840 3035 ἀμ
863 2973 1008 3042 ιστρεφέες
1028 2988 1055 3041 p.
1073 2975 1202 3042 ἀμφιστε·
1254 2973 1256 2976 ’

207 3043 281 3110 φέες.
300 3045 358 3096 672.
381 3041 515 3163 βοηλασίὲρ
541 3059 567 3110 p.
590 3042 741 3112 βοηλασίρς
766 3041 810 3094 vel
832 2990 990 3112 (ἵσηλασίην.
1010 3039 1035 3100 ξ.
1054 3045 1113 3097 235.
1130 3043 1202 3098 ἰδέαι.

206 3126 233 3177 p.
259 3110 346 3161 εἰδέω.
372 3128 393 3163 o.
415 3115 471 3165 114.
514 3111 521 3131 ’
547 3110 610 3171 ἔπος
632 3109 703 3180 ηὔδα
725 3125 751 3177 p.
776 3109 806 3162 δὲ
828 3109 975 3180 προςηύόα.
1003 3114 1061 3166 450.
1086 3111 1202 3175 ἱεμένων

206 3194 233 3245 p.
252 3178 359 3247 ἱεμένῳ,
388 3180 551 3247 (quanquam
569 3179 650 3232 etiam
667 3178 730 3231 huic
747 3179 855 3246 ineptae
874 3177 1031 3246 scripturae,
1048 3177 1129 3233 hodie
1146 3179 1203 3234 vul-

207 3251 296 3314 gatae,
314 3247 465 3301 Aristarchi
483 3248 629 3302 auctoritas
647 3246 768 3313 additur,
794 3262 829 3300 ex
850 3247 940 3315 priore
958 3245 1049 3301 forsan
1067 3247 1204 3316 editione.)

208 3333 229 3366 o.
248 3318 291 3368 24.
309 3315 397 3376 όωμόν
416 3331 442 3383 p.
461 3317 554 3379 θυμός.
584 3335 611 3368 π.
629 3317 687 3370 633.
705 3314 809 3385 ὀρώρει
826 3331 853 3382 p.
872 3315 990 3385 ὄρωρεν.
1022 3334 1045 3371 υ.
1065 3319 1107 3371 35.
1124 3317 1203 3369 κέκα-

208 3401 271 3434 σται
288 3399 314 3450 p.
336 3384 452 3436 κέκαστο
470 3388 511 3439 77.
534 3383 652 3448 μάλιστά
670 3385 694 3436 ἐ.
711 3398 738 3450 p.
762 3383 881 3448 μάλιστά
898 3403 939 3452 γε.
959 3386 988 3450 ψ.
1005 3387 1064 3440 287.
1083 3381 1132 3452 ἄγε
1151 3385 1202 3436 θεν

208 3465 234 3518 p.
254 3450 381 3519 ἔγερόεν.
416 3452 454 3506 Et
472 3458 534 3506 sunt
551 3451 612 3514 alia,
630 3451 659 3505 in
676 3450 772 3519 quibus
789 3451 931 3507 admodum
949 3468 1051 3520 vereor,
1068 3468 1101 3506 ne
1149 3452 1204 3506 turi

210 3519 262 3572 sint
280 3518 373 3586 multi,
397 3522 444 3588 qui
469 3519 623 3575 tarditatem
640 3535 727 3574 meam
744 3520 882 3576 mirentur.
917 3519 954 3575 Ut
970 3520 998 3587 β.
1015 3524 1075 3575 462.
1093 3519 1203 3589 ἀγαλλό

209 3605 279 3649 μενα
298 3603 329 3673 p.
357 3588 544 3656 (tradidissem.
569 3609 594 3660 η.
618 3592 677 3643 420.
703 3589 861 3659 ὠτρύνοντο
886 3591 918 3658 (s.
941 3589 1099 3658 ότρόνοντα)
1129 3589 1204 3650 νέκυς

211 3671 259 3722 pro
284 3653 406 3724 όντρωνον
432 3661 535 3717 νέκυας,
558 3677 574 3711 ι.
593 3660 651 3712 505.
676 3658 708 3708 εὐ
726 3658 833 3722 σμένοιο
857 3675 885 3726 p.
904 3657 1072 3720 εὐξαμένοιο.
1096 3655 1120 3715 ξ.
1145 3658 1203 3713 173.

211 3724 280 3775 κατά
306 3739 333 3790 p.
354 3727 423 3778 ποτί.
453 3747 475 3779 τ.
494 3730 535 3780 95.
562 3725 632 3786 Ζεύς
658 3742 685 3794 p.
704 3675 788 3795 Ξῆνα.
814 3745 842 3795 φ.
861 3727 920 3780 587.
950 3724 1034 3777 οἱκαὶ
1059 3739 1086 3794 p.
1105 3722 1203 3782 οἵκεν.

211 3810 240 3843 ω.
259 3796 317 3846 241.
338 3794 475 3846 όνόσασόε
492 3810 518 3861 p.
537 3793 664 3850 οὔνεσόε.
683 3800 734 3849 etc.

1029 3889 1066 3930 ib*
