3034 4434
709 543 882 596 -2-

296 707 359 752 sum
379 690 494 763 quidem
514 691 590 750 bona
610 696 640 749 et
660 689 833 759 tolerabilia,
855 689 907 748 sed
928 692 965 749 ad
986 692 1192 751 auctoritatem
1214 693 1306 752 nihilo

294 767 416 827 meliora
429 768 571 840 pessimis.
604 768 686 826 Iusta
699 772 797 826 autem
811 768 953 839 recensio,
974 767 1114 826 bonorum
1129 770 1306 827 instrumen-

294 849 389 904 torum
409 845 534 904 omnium
553 844 662 918 stipata
682 843 839 917 praesidio,
860 844 966 915 ubique
986 861 1082 902 veram
1102 862 1216 903 manum
1234 848 1306 904 scri·

293 921 385 995 ptoris
396 922 531 992 rimatur3
542 923 703 994 scripturae
715 921 862 993 cuiusque,
875 938 931 980 non
941 920 1025 980 modo
1037 928 1198 994 suspectae,
1211 928 1304 981 testes

295 998 397 1057 ordine
418 999 589 1071 interrogat,
611 1002 641 1056 et
661 1014 747 1069 quam
769 1014 868 1056 omnes
889 1004 1026 1069 annuunt,
1047 1015 1104 1057 non
1123 1000 1178 1056 nisi
1193 1001 1304 1071 gravis·

294 1075 373 1133 simis
394 1074 431 1133 de
445 1076 539 1133 causis
553 1076 616 1133 loco
631 1079 742 1145 movet3
764 1075 831 1146 alia,
852 1090 907 1147 per
921 1090 952 1133 se
967 1076 1107 1147 scriptore
1123 1075 1303 1147 dignissima,

268 1167 280 1206 a
295 1157 325 1210 et
338 1152 376 1210 ad
391 1153 543 1211 veritatem
555 1168 607 1210 seu
618 1150 794 1223 elegantiam
805 1152 968 1210 sententiae
980 1153 1096 1224 optima,
1111 1168 1168 1211 non
1179 1153 1234 1209 nisi
1245 1151 1303 1209 sui-

293 1227 456 1301 fragatione
476 1230 593 1287 testium
612 1229 733 1301 reeipit;
754 1228 832 1285 haud
851 1245 919 1287 raro
940 1227 1023 1300 adeo,
1044 1229 1212 1301 cogentibus
1233 1229 1302 1296 illis,

292 1322 346 1379 pro
366 1306 493 1364 venustis
514 1303 601 1363 infert
620 1305 714 1362 minus
735 1310 871 1375 venusta3
893 1306 1057 1378 emplastris
1078 1306 1181 1363 solutis
1202 1306 1303 1363 ulcera

293 1382 397 1454 nudat3
420 1382 544 1454 denique
564 1398 621 1441 non
641 1387 803 1441 monstrata
817 1382 919 1454 solum,
942 1387 975 1439 ut
987 1382 1056 1439 mali
1070 1381 1182 1451 medici,
1205 1382 1257 1439 sed
1272 1390 1302 1439 et

292 1460 416 1517 latentia
435 1461 505 1518 vitia
525 1464 616 1517 curat.
657 1459 721 1517 Hac
741 1459 771 1515 iu
790 1459 904 1517 ratione
925 1459 1042 1516 tametsi
1061 1459 1178 1530 ingenio
1200 1465 1230 1516 et
1244 1461 1302 1516 arti

293 1536 476 1595 coniectandi
489 1537 605 1594 minime
619 1536 699 1594 locus
714 1535 806 1607 deest,
828 1541 924 1593 tamen
939 1535 1071 1607 quoniam
1087 1537 1178 1594 omnis
1193 1537 1301 1593 veteris

293 1613 456 1686 scripturae
470 1612 541 1672 tides
556 1613 592 1671 ab
607 1613 782 1686 incorruptis
794 1613 984 1671 monumentis
995 1611 1112 1684 pendet,
1126 1619 1193 1669 ante
1204 1613 1302 1670 omnia

292 1695 338 1748 est
358 1690 574 1762 elaborandum,
595 1690 627 1747 id
648 1689 726 1761 quod
745 1687 810 1746 fieri
831 1696 910 1747 certe
930 1691 1031 1761 nequit
1045 1690 1106 1746 sine
1120 1689 1246 1760 ingenio,
1268 1696 1302 1746 ut

294 1765 425 1840 fontium,
446 1767 522 1826 unde
543 1767 681 1836 cuiusque
702 1765 852 1836 scriptoris
874 1770 969 1822 textus
989 1765 1148 1834 hauriatur,
1168 1765 1301 1836 proprie·

291 1848 368 1903 tates
391 1850 420 1902 et
440 1844 618 1915 singularem
639 1846 773 1898 naturam
793 1845 967 1908 scrutemur3
993 1840 1087 1895 varios
1114 1843 1219 1909 testes,
1245 1857 1301 1911 per

291 1921 403 1978 classes
425 1925 455 1976 et
474 1918 598 1976 familias
620 1915 792 1987 dispositoS,
821 1931 857 1971 ex
882 1930 934 1970 sua
954 1928 1096 1984 quemque
1115 1912 1211 1970 indole
1239 1931 1299 1971 me-

292 1996 413 2062 tiamur,
444 1999 531 2064 atque
557 1989 719 2049 calliditate
746 1989 886 2062 quadarn,
916 2005 970 2047 nec
994 1989 1044 2046 illa
1064 1996 1161 2047 tamen
1181 1991 1297 2063 cupida,

292 2084 393 2134 eorum
411 2074 548 2140 tanquam
568 2083 653 2125 voees
674 2072 704 2125 et
723 2072 810 2125 nutus
831 2067 965 2138 excipere
986 2066 1139 2124 discamus.
1180 2067 1297 2125 Etenim

292 2147 322 2204 in
346 2145 477 2218 plurimis
505 2143 592 2202 rebus
618 2149 648 2201 et
669 2143 791 2216 Critico,
818 2149 848 2201 et
868 2143 1029 2215 quicunque
1049 2143 1104 2200 sibi
1124 2160 1186 2202 rem
1206 2144 1298 2202 histo·

292 2224 383 2281 ricem
403 2219 609 2292 exquirendam
630 2220 768 2294 sumpsit,
796 2220 937 2279 imitanda
957 2227 1002 2278 est
1021 2220 1088 2280 boni
1108 2220 1210 2278 iudicis
1232 2236 1297 2277 con-

293 2297 417 2358 suetudo
438 2304 467 2356 et
488 2296 657 2371 prudentia;
678 2298 727 2369 qui
746 2299 838 2371 prius,
859 2297 928 2369 quid
948 2302 1038 2356 testes
1059 2297 1197 2368 afferant,
1218 2297 1297 2353 lente

294 2376 441 2448 explorat,
469 2381 499 2432 et
523 2375 619 2434 omnia
638 2376 770 2434 veritatis
797 2380 969 2448 argumenta
988 2375 1111 2447 colligit,
1137 2390 1222 2446 quam
1253 2373 1298 2443 rei

293 2459 395 2527 gestae
414 2451 610 2511 coniecturam
623 2468 704 2511 suam
718 2453 904 2525 interponere
925 2451 1040 2510 audeat.
1080 2450 1124 2507 Ac
1143 2466 1180 2506 ne
1199 2455 1298 2521 potest

293 2529 410 2603 quidem
434 2526 510 2600 fieri,
537 2535 570 2587 ut
594 2530 643 2601 qui
670 2530 771 2603 paucis
792 2528 952 2600 codicibus,
973 2529 1073 2598 quales
1093 2526 1179 2596 vulgo
1200 2541 1299 2583 occur-

292 2612 376 2679 runt,
401 2603 493 2663 fretus
514 2605 709 2664 coniecturam
729 2606 858 2677 quamvis
878 2604 1064 2675 sagacissime
1091 2606 1226 2658 exerceat
1256 2602 1300 2658 in-

291 2683 391 2741 multis
410 2687 540 2740 ueterem
561 2698 596 2740 ac
616 2698 783 2753 germanam
803 2681 975 2752 scripturam
1002 2683 1182 2749 assequatur.
1221 2678 1298 2735 Nam

188 2766 193 2775 '
292 2764 326 2818 ut
356 2759 386 2816 in
416 2757 502 2816 robus
522 2757 685 2816 iudicandis
711 2756 876 2815 tabidarum
901 2761 932 2813 et
956 2755 1118 2813 litterarum
1147 2755 1299 2827 penuriam

293 2835 440 2908 ingenium
460 2849 646 2907 compensare
665 2833 775 2890 nullum
803 2836 915 2904 potest;
939 2832 982 2890 its
1002 2831 1143 2890 acerrima
1163 2831 1225 2888 eius
1246 2831 1297 2901 vis,

292 2927 350 2971 non
369 2915 535 2985 temperata
555 2916 585 2969 et
605 2909 726 2969 subacta
746 2908 863 2967 assiduo
883 2925 938 2966 usu
963 2908 1116 2979 librorum,
1146 2908 1176 2965 in
1207 2907 1298 2964 histo-

292 2989 361 3046 ricis
384 2994 414 3046 et
433 2988 540 3046 criticis
560 2986 648 3046 rebus
668 2983 778 3044 frustra
796 2984 919 3044 laborat.
946 2985 1059 3058 Quippe
1079 2985 1134 3042 hae
1154 2989 1297 3055 utraeque

271 3079 346 3124 cres
374 3065 467 3137 magis
487 3064 601 3123 nomine
621 3078 707 3134 quam
728 3077 836 3136 genere
855 3061 933 3120 inter
952 3077 984 3120 se
1004 3061 1153 3133 differunt,
1173 3076 1227 3118 nee
1255 3059 1299 3116 di·

296 3141 388 3200 versis
408 3145 544 3199 tenentur
563 3139 710 3198 iudicandi
727 3139 846 3212 regulis.
886 3139 989 3209 Itaque
1001 3143 1035 3196 ut
1047 3138 1203 3209 ingenium,
1222 3137 1299 3194 sicut

292 3234 347 3292 par
367 3222 420 3290 est,
439 3216 666 3276 membranaceis
687 3216 833 3276 thesauris
853 3216 938 3288 longe
959 3212 1119 3288 praeferas,
1141 3214 1297 3286 plurimum

292 3300 389 3352 tamen
414 3295 537 3353 interest
556 3294 647 3367 ipsius
673 3293 798 3366 ingenii,
824 3291 1068 3365 quamplurimos
1088 3289 1203 3350 codices
1223 3305 1299 3347 eom·

293 3370 401 3445 parari,
420 3371 545 3443 ¹quorum
564 3370 737 3430 testimoniis
750 3369 889 3428 iudicium
903 3367 940 3427 de
955 3384 1025 3427 vera
1038 3368 1163 3427 lectione
1177 3367 1297 3437 nitatur,

293 3452 324 3506 et
342 3447 440 3505 multis
464 3446 559 3506 modis
587 3445 741 3505 adiuvetur
761 3446 909 3505 divinatio.
950 3446 1047 3517 Quare
1077 3460 1133 3516 quo
1163 3441 1297 3514 frequen-

292 3524 350 3584 tius
381 3524 505 3597 scriptor
535 3524 638 3597 aliquis
672 3523 710 3582 ad
737 3522 869 3582 codicum
889 3522 1071 3582 collationem
1095 3525 1215 3580 vocatus
1243 3524 1297 3590 est,

293 3616 328 3660 eo
352 3600 446 3672 magis
473 3600 551 3658 iusta
575 3601 627 3658 illa
647 3605 677 3658 et
696 3605 833 3660 constans
853 3599 984 3658 recensio
1010 3599 1104 3658 locum
1133 3596 1236 3655 habet:
1267 3595 1298 3652 in

294 3677 401 3737 ceteris
422 3676 471 3749 qui
491 3676 585 3736 adhuc
605 3677 752 3751 paucitate
775 3675 969 3734 subsidiorum
981 3674 1124 3747 laborant,
1143 3671 1222 3730 haud
1237 3672 1297 3729 seio

292 3764 333 3815 ab
363 3753 589 3827 multiplicandis
609 3759 754 3814 textorum
774 3749 872 3812 formis
891 3751 965 3810 haec
988 3750 1101 3823 studia,
1130 3749 1214 3807 nimis
1244 3763 1299 3821 per
