3034 4434
675 523 848 576 „g-

263 673 336 732 natia
357 672 573 744 quodammodo
593 673 714 731 extorsit
726 672 782 731 hoe
795 673 916 743 consilii,
936 679 969 731 ut
982 673 1153 746 colligendo,
1174 673 1265 745 quod·

262 764 370 821 cunque
384 755 484 808 textus
498 749 660 807 rationibus
674 750 733 808 ullo
746 749 832 807 modo
845 749 962 822 profore
975 751 1131 823 videretur,
1146 756 1263 809 strenue

261 832 304 884 lire
324 826 362 884 ad
382 825 460 884 hunc
473 826 651 885 recensionis
665 826 794 885 laborem
808 842 951 898 pararem.
992 827 1138 900 Quidquid
1151 829 1264 885 interea

262 904 315 975 egi,
337 904 392 961 etsi
413 904 553 961 nonnulla
572 918 617 961 me
637 904 709 960 satis
730 908 901 976 occupatum
922 904 1074 976 tenebant,
1095 905 1263 962 subsecivae

260 996 365 1053 operae
394 977 526 1051 fuerunt,
551 979 707 1038 Homerum
726 995 871 1051 nunquam
892 979 942 1037 diu
963 996 998 1038 ex
1024 983 1118 1040 animo
1144 988 1174 1039 et
1199 997 1264 1040 con-

261 1063 362 1130 spectu
389 1058 483 1114 amisi.
524 1057 598 1114 Nam
618 1057 742 1129 plurima
763 1057 895 1114 videbam
914 1057 984 1114 mihi
1003 1076 1059 1118 non
1081 1059 1171 1117 solum
1185 1058 1264 1117 colli-

260 1133 355 1206 genda
375 1135 429 1191 sed
449 1135 539 1191 etiam
558 1133 698 1192 discenda
725 1140 755 1192 et
780 1133 817 1193 ab
842 1134 932 1192 initiis
957 1135 1164 1207 pertractanda
1189 1151 1263 1206 esse,

259 1212 367 1284 quippe
388 1211 528 1282 quitum,
550 1225 636 1281 quum
656 1212 780 1284 primum
801 1210 930 1280 ederem,
957 1211 1071 1271 doctam
1090 1215 1263 1285 iuterpreta-

259 1289 368 1346 tionem
388 1289 436 1345 vix
456 1287 626 1359 attigissem.
667 1289 770 1359 ltaque
791 1304 909 1346 exorsus
930 1288 966 1346 ab
984 1289 1148 1361 Eustathio,
1170 1305 1264 1361 gram·

259 1367 395 1423 maticam
416 1369 531 1438 partem
553 1365 613 1422 eius
635 1364 791 1437 diligenter
811 1366 937 1436 excussi3
965 1383 1031 1424 mox
1051 1368 1181 1439 excerpsi
1207 1367 1264 1423 lec·

259 1443 364 1512 tioneS,
386 1456 458 1513 quas
479 1442 529 1499 ille
551 1446 601 1498 aut
620 1441 649 1498 in
670 1442 798 1514 vulgatis
821 1443 959 1515 exemplis
979 1444 1048 1515 suis,
1070 1449 1120 1501 aut
1140 1444 1168 1499 in
1188 1459 1264 1500 mar·

260 1518 374 1590 mnibus
402 1534 516 1590 eorum,
548 1518 593 1575 vel
619 1518 689 1576 alibi
714 1520 860 1591 reperisse
885 1535 917 1576 se
946 1520 1092 1592 proderet.
1137 1519 1263 1577 Adiunxi

259 1595 381 1666 deinde,
407 1602 527 1668 praeter
547 1600 645 1653 cetera
665 1602 725 1653 tum
744 1596 864 1667 vulgata
883 1596 1010 1667 Scholia,
1038 1596 1142 1667 bonum
1166 1613 1263 1654 nume·

258 1688 321 1730 rum
334 1672 516 1730 ‘variantium
538 1678 568 1729 et
586 1678 719 1730 notarum
740 1673 834 1730 critici
860 1673 989 1745 generis,
1016 1688 1087 1744 quas
1111 1674 1181 1730 mihi
1206 1673 1263 1732 duo

258 1765 333 1806 nunc
355 1748 594 1807 desideratissimi
616 1749 700 1807 amici
721 1765 756 1806 ex
777 1750 840 1808 cod.
860 1749 1007 1822 Lipsiensi
1020 1749 1151 1808 Paullino
1172 1749 1264 1823 exsig-

259 1833 409 1898 naverant,
429 1827 458 1883 in
478 1841 600 1883 recensu
620 1825 795 1884 Ernestiano
820 1828 949 1885 omissas.
989 1827 1091 1885 Paullo
1111 1830 1178 1900 post
1197 1842 1263 1899 pro·

258 1903 323 1976 prio
354 1902 450 1961 studio
480 1901 610 1975 pervolvi
639 1903 890 1977 Lexicographos,
925 1904 1101 1963 Scholiastas
1132 1911 1162 1962 et
1191 1904 1263 1962 alios

259 1979 470 2039 Grammaticos
491 1984 614 2052 veteres,
634 1985 704 2052 tum,
724 1987 812 2054 prout
830 1987 943 2053 tempus
963 1986 1057 2040 meum
1077 1980 1198 2052 ferebat,
1218 1996 1264 2039 re·

259 2058 352 2129 liquos
378 2057 550 2129 scriptores,
578 2072 763 2128 quoscunque
788 2056 878 2115 ullum
902 2058 1075 2118 Homericae
1100 2060 1263 2132 scripturae

259 2134 415 2205 vestigium
445 2150 563 2192 servare
593 2134 756 2206 sperabam.
805 2135 908 2206 Neque
938 2137 1014 2194 inter
1046 2137 1119 2194 haec
1147 2136 1264 2208 neglexi

259 2215 362 2283 poetas
384 2210 522 2282 Graecos,
543 2211 693 2284 inprimis
714 2209 934 2285 Alexandrinae,
954 2213 1131 2272 imitationes
1144 2213 1263 2272 Homeri

260 2292 439 2359 consectans,
460 2303 518 2346 non
538 2292 578 2360 ut,
599 2287 741 2359 quomodo
764 2287 850 2348 flores
864 2290 978 2347 olerent
990 2291 1021 2347 in
1034 2291 1159 2348 alienum
1172 2290 1262 2348 solum

257 2364 402 2434 mansisti,
424 2363 615 2437 adverterem,
635 2366 692 2423 etsi
712 2365 775 2422 aius
793 2366 890 2437 studii,
911 2383 962 2424 suo
976 2367 1039 2425 loco
1053 2366 1186 2437 adhibiti,
1207 2376 1302 2425 non1⁷

258 2440 390 2514 despicio
409 2441 601 2513 elegantiam3
622 2442 674 2500 sed
694 2439 787 2500 sicubi
806 2443 856 2500 isti
869 2459 923 2500 usu
943 2443 1095 2500 verborum
1113 2449 1143 2500 et
1157 2458 1263 2512 genere

257 2517 405 2591 loquendi,
427 2517 464 2576 ad
485 2519 645 2592 principem
665 2520 737 2577 artis
759 2535 829 2577 suae
849 2517 1038 2591 conformato,
1059 2516 1263 2591 significarent,

259 2595 328 2667 quid
348 2596 379 2652 in
400 2595 517 2667 optimis
538 2596 750 2669 exemplaribus
771 2597 848 2654 illius
869 2597 1017 2667 legissent,
1039 2601 1091 2654 aut
1109 2594 1263 2666 legendum

260 2673 317 2744 ipsi
338 2672 529 2730 censuissent.
570 2672 658 2731 Cuius
680 2672 951 2744 animadversionis,
978 2689 1014 2730 ne
1035 2673 1098 2745 quis
1120 2688 1183 2730 earn
1203 2673 1263 2731 lon-

260 2750 324 2821 gius
347 2754 500 2822 evagata:
521 2754 613 2822 putet,
635 2751 706 2808 satis
726 2765 861 2821 magnum
881 2747 1006 2808 fructum
1026 2751 1159 2824 percepi,
1180 2765 1265 2823 prae·

259 2826 360 2884 sertim
389 2841 425 2884 ex
451 2826 488 2883 iis
514 2828 622 2898 poetis,
647 2842 718 2898 quos
739 2827 904 2898 ambiguum
934 2834 980 2906 est
1003 2833 1142 2901 poetasse
1168 2828 1264 2885 verius

260 2918 297 2960 an
322 2903 504 2961 litteratores
531 2903 668 2961 dicamus.
708 2904 755 2962 lta
779 2919 848 2962 vero
874 2904 1005 2963 lustratis
1031 2905 1209 2964 Graecorum
1235 2911 1266 2961 et

260 2978 432 3038 Latinarum
459 2979 621 3038 litterarum
648 2980 767 3038 latebris
792 2981 939 3053 omnihuS,
965 2997 1040 3053 quae
1064 2983 1177 3055 uspiam
1203 2997 1265 3040 sus·

262 3063 364 3129 ceptae
389 3055 434 3114 rei
462 3054 659 3115 adiumentum
685 3056 888 3130 ostenderent,
920 3058 1080 3130 grandique
1109 3059 1264 3118 lectionum

263 3139 293 3191 et
308 3134 480 3191 criticorum
500 3134 678 3192 notationum
704 3141 848 3207 apparatu
874 3141 1036 3207 contracto,
1064 3137 1141 3194 aucti
1166 3151 1264 3193 sumus

261 3208 381 3269 Venetis
396 3210 455 3267 illis
470 3214 500 3267 et
512 3211 782 3270 Vindobonensibus
803 3202 969 3285 praesidia?
1005 3213 1103 3271 Novus
1123 3213 1170 3270 hic
1190 3228 1265 3270 cam-

262 3302 314 3420 pus
335 3292 457 3360 apertus
477 3301 580 3346 novum
601 3286 729 3346 laborem
748 3288 856 3347 obiecit
875 3288 905 3345 in
924 3289 960 3347 iis
981 3289 1066 3362 ipsis,
1087 3305 1161 3360 quaa
1182 3288 1265 3347 abso·
1333 3319 1336 3327 ·

273 3369 323 3422 uta
341 3369 487 3438 putaram.
527 3363 668 3423 Videbam
689 3365 764 3423 enim
785 3365 888 3425 bonam
908 3371 1021 3439 partem
1038 3365 1187 3425 conlectae
1200 3367 1265 3423 viae

263 3441 329 3499 mihi
349 3439 515 3499 iterandam
535 3456 614 3513 esse,
638 3448 672 3498 ut
691 3443 813 3514 primam
833 3458 956 3501 messem
976 3459 1040 3502 cum
1060 3443 1141 3501 novis
1161 3441 1264 3516 opibus

264 3518 481 3587 contenderem,
503 3521 547 3588 et,
574 3519 600 3575 si
619 3516 694 3576 forte
714 3519 824 3590 aliquid
844 3520 915 3578 utile
936 3525 1022 3578 antea
1041 3536 1094 3593 pro
1115 3520 1195 3592 spico
1215 3533 1265 3576 ne·

232 3624 238 3641 =
265 3609 347 3665 quarn
367 3593 543 3666 omisissem,
570 3594 601 3652 id
627 3610 663 3653 ex
687 3597 869 3655 contentione
889 3597 997 3654 rectius
1018 3597 1201 3655 aestimatmu
1220 3609 1264 3652 re·

229 3706 234 3719 ι
265 3671 482 3742 prehenderem.
523 3671 587 3742 Qua
607 3671 637 3729 in
657 3688 746 3744 opera
773 3689 830 3744 quo
856 3689 1027 3746 progressus
1053 3689 1115 3731 sum
1139 3672 1264 3744 longius,

266 3761 298 3806 eo
316 3746 479 3808 mirabilius
500 3748 607 3806 sentire
627 3749 710 3822 coepi
730 3747 767 3806 dc
787 3750 963 3808 Venetorum
983 3750 1161 3808 scholiorum
1181 3763 1265 3822 prae·
