3034 4434
629 521 743 575 -103
770 549 807 559 —

213 665 320 725 Iebova
341 682 406 725 eum
426 666 544 725 Acbabo
563 666 587 724 1.
607 666 702 741 Regg.
723 667 817 726 XXII.
859 666 918 726 Sed
931 667 1065 742 Hippias,
1085 670 1217 730 acumine

214 743 326 803 antibus
345 743 474 816 Loyolae
494 742 596 817 digno,
624 744 743 803 verbum
768 743 882 822 bebopeu
903 745 1025 804 mutavit
1043 746 1074 803 iu
1094 743 1217 823 διδόμεν,

213 818 384 879 Infinitivum
404 837 457 893 pro
477 820 649 894 imperativo
671 821 879 895 accipiendum,
906 827 938 880 ut
958 823 1151 896 transpositus
1172 840 1219 883 ac·

214 904 314 956 centus
336 897 451 970 eulpam
470 895 581 957 11111111
602 914 620 956 1
639 898 707 957 Iove
734 899 871 958 reiiceret
891 899 920 956 in
941 897 1096 958 Somnium.
1135 899 1219 960 Alter

213 975 294 1034 locus
316 978 363 1032 est
383 970 414 1052 ψ.
436 981 517 1049 3211,
547 974 584 1033 ab
613 975 662 1034 illo
688 975 730 1034 ita
759 981 906 1034 correctus
933 979 967 1033 ut
991 976 1078 1036 hodie
1102 977 1219 1050 legitur.

213 1050 271 1112 Ubi
292 1051 318 1109 si
338 1050 464 1124 Hippias
484 1051 593 1124 primus
616 1052 684 1129 olim
698 1052 846 1124 vulgatum
860 1047 894 1109 ob
906 1053 1025 1126 expulit,
1047 1055 1220 1125 aequalesve

214 1128 276 1187 1111
302 1128 376 1186 alias
402 1128 476 1187 tales
507 1129 666 1202 scripturas
694 1130 724 1187 in
750 1130 889 1202 exemplis
921 1130 981 1187 suis
1012 1135 1219 1204 propagarunt,

214 1205 308 1279 qualis
328 1221 422 1278 nuper
442 1221 478 1264 ex
496 1204 650 1270 πολιτικοῖς
670 1207 788 1279 cognita
808 1214 853 1266 est
866 1208 938 1282 inp.
953 1213 1018 1264 454.
1034 1204 1220 1285 θηλυτεράων

213 1299 266 1356 pro
286 1281 478 1341 Aristarchea
499 1279 695 1360 τηλεδαπάων,
716 1281 802 1342 facile
821 1284 994 1356 intelligitur
1015 1299 1051 1342 ex
1069 1284 1114 1342 his
1129 1286 1221 1358 speci-

213 1358 350 1432 minibuS,
371 1375 457 1431 quam
476 1361 574 1433 turpia
595 1361 665 1418 vitia
684 1360 833 1419 haeserint
846 1361 876 1418 in
891 1361 1029 1433 exemplis
1042 1361 1127 1420 huius
1141 1368 1221 1421 aeta·

213 1436 261 1495 tis.
297 1436 357 1496 Sed
385 1436 422 1494 de
448 1436 505 1495 illis
531 1438 616 1509 plura
640 1438 709 1496 licet
735 1438 878 1511 suspicari
898 1454 984 1510 quam
1004 1438 1087 1495 seire.
1128 1438 1222 1511 Quum

215 1518 315 1573 autem
347 1528 396 1572 eos
423 1529 536 1586 quoque
556 1515 634 1573 locos
655 1514 785 1587 Homeri,
806 1516 855 1587 qui
878 1515 915 1574 ab
935 1514 1085 1573 Herodoto
1107 1521 1137 1572 et
1156 1516 1221 1574 aliis

214 1589 426 1662 antiquioribus
448 1591 636 1664 scriptoribus
656 1591 821 1664 laudantur,
842 1608 899 1651 non
919 1608 985 1651 raro
1006 1607 1025 1649 a
1043 1591 1169 1650 librariis
1183 1592 1222 1652 ad

214 1668 365 1740 vulgarem
386 1665 506 1727 formam
530 1674 627 1726 textus
654 1673 782 1728 mutatos
805 1684 868 1728 esse
890 1670 1071 1743 exipsorum
1092 1667 1223 1728 codicum

213 1745 360 1817 hodieque
381 1744 560 1804 exstantibus
581 1746 678 1820 lituris
699 1752 851 1820 appareat,
871 1762 957 1818 quam
978 1745 1123 1803 diversum
1141 1745 1273 1805 illmn1⁶⁹

214 1821 344 1881 babituri
365 1837 508 1894 essemus,
535 1823 559 1880 si
587 1838 623 1881 ax
649 1822 830 1882 bibliotheca
855 1824 976 1882 alicuius
1004 1821 1157 1895 Sophistae
1177 1824 1223 1882 vel

215 1899 330 1973 pulchri
349 1897 569 1971 Euthydemus
590 1898 771 1973 descriptum
792 1901 1002 1973 acciperemus!

291 1976 369 2035 Nam
388 1976 446 2034 illis
466 1977 524 2035 iam
543 1976 724 2050 temporibus
746 1978 864 2051 vigente
877 1977 998 2037 libraria
1011 1977 1136 2050 quadam
1149 1993 1223 2038 mer·

216 2059 327 2126 cutura,
347 2052 425 2112 haud
446 2052 532 2112 dubie
552 2055 638 2127 eopia
660 2055 869 2127 exemplarium
888 2053 944 2113 fuit
964 2055 1041 2128 apud
1060 2056 1223 2115 litteratum

217 2130 374 2203 quemque,
399 2129 429 2187 in
454 2131 555 2204 primis
582 2131 660 2204 apud
681 2132 839 2203 magistros
859 2132 1042 2205 scholarum,
1067 2133 1117 2206 qui
1137 2138 1224 2192 antea

216 2207 383 2267 memoriter
409 2208 505 2267 omnia
528 2209 699 2281 praeierant
724 2208 884 2282 discipulis.
924 2210 1001 2268 Hinc
1021 2217 1066 2269 est
1090 2216 1159 2269 nota
1179 2210 1224 2268 ira

216 2283 377 2344 Alcibiadis
402 2285 432 2341 11
458 2285 601 2343 hominem
623 2285 701 2343 illius
722 2285 846 2358 ordinis,
876 2286 954 2359 apud
975 2303 1060 2359 quem
1080 2303 1167 2358 quum
1187 2302 1223 2344 ne

217 2378 303 2421 unam
331 2360 447 2432 quidem
471 2362 657 2435 rhapsodiam
684 2363 792 2422 Hiados
819 2364 991 2435 invenisset,
1018 2364 1170 2436 colaphum
1196 2363 1223 2422 11

217 2437 357 2497 inflixisse
386 2437 544 2510 dicituril).
593 2440 673 2512 Ergo
704 2440 846 2512 postulari
877 2445 937 2497 tum
967 2446 1098 2513 poterat,
1130 2445 1163 2497 ut
1193 2440 1223 2496 in

217 2516 317 2576 schola
336 2515 412 2574 bene
431 2515 564 2575 instituta
585 2517 734 2590 exemplar
754 2517 874 2576 Homeri
895 2522 982 2589 esset,
1003 2516 1141 2574 siminus
1161 2515 1224 2572 uni-

201 2608 320 2652 ·versae
340 2592 452 2666 poesis,
477 2598 509 2651 at
533 2593 698 2666 aliquarum
719 2601 800 2653 certe
820 2593 955 2666 partium.
997 2593 1138 2664 Quocirca
1157 2607 1223 2650 mox

219 2669 291 2728 alius
311 2669 454 2742 magister
473 2685 538 2728 sese
558 2670 663 2730 obtulit
685 2670 833 2730 Alcibiadi
854 2671 963 2743 dicens,
984 2669 1093 2728 habere
1113 2684 1144 2728 se
1164 2668 1223 2727 Ho-

218 2762 338 2818 merum,
360 2753 390 2805 et
410 2746 527 2818 quidem
547 2764 566 2806 a
584 2763 616 2806 se
636 2749 702 2821 ipso
724 2748 918 2807 emendatum.
953 2747 1026 2806 Tum
1040 2747 1100 2816 ille,
1120 2745 1224 2804 Itane?

219 2824 325 2895 inquit:
345 2828 379 2882 tu
398 2823 555 2883 Homerum
577 2824 734 2884 emendare
757 2826 825 2896 scis,
848 2831 877 2883 et
896 2831 995 2884 tamen
1009 2840 1114 2897 pueros
1128 2822 1224 2896 doces,

220 2915 252 2960 ao
270 2916 330 2960 non
348 2900 446 2973 potius
466 2900 683 2960 adolescentes!

608 3115 830 3191 XXXVIII.

297 3286 384 3345 Haec
404 3288 533 3347 namatio
553 3287 637 3347 nobis
658 3288 837 3347 occasionem
858 3286 942 3347 offert
962 3288 992 3346 in
1006 3288 1170 3346 universum
1184 3287 1226 3346 di-

221 3362 306 3423 cendi
326 3363 463 3424 nonnulla
483 3365 520 3423 de
540 3371 606 3424 ortu
626 3364 715 3423 studii
735 3365 843 3437 critici,
871 3381 906 3423 ex
936 3364 1040 3437 quibus
1062 3365 1225 3424 existimare

289 3526 467 3595 11111111.
485 3525 524 3579 m.
543 3523 568 3580 s.
586 3523 633 3594 xv,
651 3528 676 3592 a,
697 3531 718 3579 1.

288 3614 326 3681 ³⁶)
342 3612 413 3667 Plut.
432 3612 460 3665 in
476 3609 564 3666 Alcib.
592 3626 619 3678 p.
640 3615 696 3666 194.
720 3612 754 3666 D.
782 3611 816 3666 cf.
851 3611 1052 3733 Aflophthegm.
1070 3625 1096 3676 p.
1117 3611 1173 3662 186.
1191 3608 1224 3688 Ι);

222 3681 326 3737 helian.
344 3680 377 3735 V,
395 3679 430 3734 H.
447 3678 524 3742 XIII,
543 3683 583 3734 38.
602 3679 649 3733 ubi
666 3696 691 3733 v.
709 3679 830 3735 Perizon.
844 3695 875 3734 co
897 3680 1029 3748 atisquae
1041 3692 1073 3730 11
1093 3692 1123 3730 ra
1134 3691 1226 3730 monui

223 3763 279 3819 cap.
297 3748 386 3805 XXV.
404 3747 454 3803 sub
471 3748 489 3802 l.
507 3747 598 3802 Minus
616 3748 741 3816 ambigue
759 3749 830 3802 Plut.
851 3747 920 3802 dixit
936 3746 1044 3814 βιβλίον
1084 3745 1206 3815 defluos.
