3034 4434
651 553 830 609 -3p..

243 719 285 775 qne
302 704 382 762 ullus
403 711 494 762 vetus
515 707 617 762 auctor
629 701 714 760 huius
728 701 978 774 interpretationis
993 708 1129 761 exstaret.
1155 703 1242 761 Nam·
1257 709 1294 750 ¹⁴⁸

243 797 286 852 qne
309 781 533 854 ineptissimum
559 780 597 838 sit
625 779 699 837 illud
729 780 941 851 argumentari,
972 780 1048 851 quod
1073 797 1129 839 non
1156 781 1242 852 vulgo

243 859 390 930 veteribus,
417 874 508 929 quum
530 856 566 915 de
586 857 708 930 pulchra
727 856 935 928 compositione
955 857 1056 916 borum
1078 857 1242 918 Carminum

242 935 421 1008 praedicant,
446 934 619 992 Pisistratus
639 933 777 992 laudatur
796 949 849 1006 pro
869 933 1005 993 Homero.
1045 934 1191 1007 Persaepe
1211 935 1242 993 id

243 1013 329 1071 evenit
348 1013 380 1070 in
399 1011 542 1084 historia,
569 1017 602 1069 nt
619 1010 785 1069 tralaticiac
807 1026 891 1068 voces
911 1010 1125 1083 redarguantur
1146 1011 1240 1085 factis,

242 1093 267 1147 et
288 1095 321 1148 nt
351 1089 456 1160 rebus,
489 1104 561 1160 quas
587 1102 670 1147 neme
689 1104 746 1146 non
767 1104 820 1158 pro
841 1087 918 1145 veris
939 1087 1052 1160 habuit,
1077 1088 1163 1161 lenge
1183 1089 1242 1150 alia

242 1166 445 1237 consequentia
465 1165 532 1237 sint,
553 1181 639 1237 quarn
657 1165 679 1222 ii
700 1163 978 1236 animadvertebant,
999 1166 1047 1236 qui
1061 1166 1126 1225 illas
1137 1167 1241 1225 attule

241 1249 311 1300 runt.
360 1242 549 1314 Ambiguitas
574 1259 657 1314 vere,
691 1257 777 1314 quam
801 1241 868 1298 huic
892 1242 1029 1300 mentioni
1059 1241 1241 1302 confusorum

242 1319 403 1378 Garminum
428 1321 525 1377 inesse
550 1325 668 1392 putant,
694 1318 830 1377 continuo
861 1319 1007 1376 evanescit
1027 1321 1241 1392 comparatione

241 1412 335 1455 eorum
357 1397 546 1469 scriptorum,
572 1397 620 1468 qui
645 1411 707 1453 rem
727 1395 826 1467 paullo
846 1395 932 1453 alitor
951 1403 1098 1454 narratam
1118 1397 1241 1468 relique-

239 1480 319 1546 runt,
345 1473 462 1547 Iosepbi
490 1478 520 1531 et
544 1472 672 1545 Aeliani,
699 1488 751 1529 seu
776 1473 872 1545 potius
893 1473 1107 1546 comparatione
1127 1474 1241 1532 illorum

216 1592 220 1596 -
240 1552 369 1609 emnium.
390 1550 550 1623 benecia,
570 1566 626 1610 non
646 1549 802 1607 recollecta
823 1548 968 1617 Carmina,
989 1555 1018 1607 ct
1038 1551 1179 1608 adscitam
1194 1568 1241 1609 ar·

238 1634 294 1686 tem
314 1627 541 1701 compositionis,
561 1643 617 1686 non
637 1627 738 1685 critico
759 1626 856 1685 studio
869 1631 1043 1700 revocatam,
1064 1627 1094 1685 in
1107 1628 1165 1685 illis
1180 1645 1238 1687 om-

238 1705 319 1764 nibus
339 1704 470 1779 reperiet
489 1720 599 1762 mecum
619 1703 825 1775 unusquisque,
852 1703 900 1775 qui
920 1703 1005 1763 medo
1026 1709 1138 1763 attente
1158 1706 1239 1776 lego-

238 1783 283 1853 rit,
304 1798 399 1854 neque
419 1781 580 1862 eupiditate
596 1787 625 1841 et
638 1786 748 1839 temere
763 1780 855 1854 captis
870 1781 1051 1853 opinionibus
1066 1788 1237 1841 occaecatus

237 1859 361 1918 libenter
381 1865 482 1918 careat
501 1859 566 1916 luco
585 1858 726 1916 veritatis.

313 1937 405 2008 Atqui
424 1937 509 1994 buius
530 1933 623 1994 famae
644 1934 842 2002 constantiam,
864 1935 944 1992 cuius
965 1936 1009 1992 vel
1031 1936 1088 1994 ista
1108 1935 1236 1994 tetiudi·

237 2014 281 2072 cia
301 2015 374 2072 satis
395 2014 501 2071 mirere
516 2013 598 2070 exiis
612 2010 799 2084 temporibus,
821 2012 923 2082 quibus
938 2012 1045 2070 dudum
1058 2030 1132 2071 nova
1145 2010 1238 2071 forma

236 2091 336 2150 horum
358 2091 523 2148 Garminum
543 2090 718 2161 invaluerat3
738 2088 826 2160 idque
840 2093 900 2146 tum
914 2089 991 2161 apud
1007 2090 1240 2162 Graccespotuit

236 2166 297 2225 fieri
317 2168 395 2225 intra
415 2167 488 2225 duas
508 2171 604 2224 tresve
625 2171 752 2237 aetates3
774 2165 836 2223 eius
851 2182 920 2238 ergo
941 2163 1034 2224 famae
1050 2168 1238 2225 constantiam

234 2260 271 2303 ne
290 2249 468 2317 postremum
490 2243 605 2316 quidem
626 2260 727 2302 aevum
748 2243 863 2315 penitus
884 2243 1055 2301 obscuravit.
1095 2244 1238 2302 Notabilis

236 2337 271 2380 ex
292 2321 346 2380 boc
365 2337 474 2394 genere
493 2322 621 2380 namatio
637 2326 681 2378 est
695 2321 724 2377 iu
739 2319 861 2378 Scholiis
875 2319 1075 2392 Lipsiensibus
1090 2326 1120 2378 et
1132 2321 1238 2379 Eusta-

235 2398 338 2469 thio⁸)‚
358 2395 518 2456 Δολώνειαν
538 2398 556 2454 i.
572 2415 596 2456 e.
617 2396 803 2470 rhapsodiam
816 2397 845 2454 X
857 2397 966 2456 Iliados
987 2397 1023 2455 ab
1038 2398 1164 2456 Homero
1185 2416 1238 2470 pro
1253 2407 1289 2445 1⁴²

235 2476 375 2548 singulari
396 2476 538 2548 opusculo
556 2473 662 2534 iactam
683 2490 758 2545 esse,
779 2472 964 2532 aPisistrato
979 2481 1076 2532 autem
1090 2482 1237 2546 receptam

235 2553 265 2610 in
284 2553 488 2612 collectionem
509 2553 636 2625 corporis
658 2553 712 2609 sui.
751 2552 785 2608 In
806 2551 905 2623 primis
927 2568 995 2610 vero
1015 2551 1071 2609 huc
1091 2553 1238 2624 pertinent

235 2629 363 2688 absurda
383 2634 545 2688 commenta
560 2629 827 2699 Grammaticorum,
848 2629 896 2699 qui
917 2645 1015 2686 curam
1029 2629 1175 2686 Pisistrati
1190 2646 1238 2686 ex·

234 2708 345 2779 plicare
359 2708 464 2778 conati,
480 2722 566 2778 quum
579 2708 690 2780 priseos
705 2721 799 2764 meres
810 2706 963 2777 nescirent,
978 2705 1015 2763 ad
1026 2711 1176 2778 corruptos
1190 2723 1237 2763 ru·

232 2800 328 2843 mores
360 2790 389 2842 et
407 2784 557 2858 proprium
577 2783 722 2856 ingenium
744 2780 942 2854 confugerunt.
982 2782 1078 2840 Animi
1099 2799 1188 2841 causa
1208 2785 1237 2841 in

233 2861 288 2919 hae
305 2861 366 2919 ima
387 2861 496 2934 pagina
516 2860 609 2933 ipsum
634 2861 728 2920 locum
748 2859 824 2918 dabo
844 2859 994 2917 Diomedis
1015 2859 1177 2932 cuiusdam,
1205 2868 1237 2919 ut

234 2955 299 2996 enm
319 2938 443 3012 primurn
464 2937 588 2996 Allatius
610 2944 639 2996 et
659 2952 752 3009 nuper
772 2936 957 2995 Villoisonius
973 2953 988 2994 e
1002 2936 1088 2996 MSS.
1102 2937 1194 2996 edidit
1202 2938 1236 3009 ⁹).

301 3151 325 3216 θ)
348 3149 425 3204 Eust.
445 3164 472 3216 p.
484 3150 543 3204 785.
562 3153 602 3203 41.
638 3145 721 3202 Φασὶν
741 3150 766 3201 οἱ
784 3149 899 3212 παλαιοὶ,
919 3151 968 3220 τὴν
981 3151 1123 3221 ῥαψῳδίαν
1133 3151 1235 3222 ταύτην

235 3220 279 3306 bp’
295 3218 411 3303 Ὁμήρου
439 3218 494 3336 fcit?
512 3219 659 3288 τετάχθαι,
689 3217 732 3303 sni
758 3220 796 3288 μὴ
821 3217 1034 3304 &faeculentiam
1061 3223 1118 3303 τοῖς
1136 3221 1236 3289 μέρεσι

234 3306 279 3358 της
295 3285 413 3349 Ἰλιαδος,
435 3304 471 3339 οτι
505 3286 534 3339 δὲ
554 3284 753 3356 Πεισιστρατοο
773 3287 906 3357 τεταχθαι
925 3287 965 3346 εὶς
982 3306 1032 3357 την
1053 3307 1164 3359 ποιησιν.

301 3373 325 3438 ⁹)
343 3371 393 3425 Ille
412 3371 430 3424 l.
450 3386 473 3424 c.
492 3387 526 3439 pa
548 3415 553 3425 .
572 3377 613 3427 93.
631 3372 676 3426 hic
694 3373 796 3427 Anecd.
814 3371 858 3426 Gr.
879 3372 910 3426 T.
928 3373 962 3426 ll.
982 3390 1008 3441 p.
1031 3378 1149 3442 182.sqq.
1180 3373 1237 3426 “Orc

235 3440 260 3492 ἔν
279 3459 332 3494 τινι
346 3441 445 3513 χρόνῳ
463 3439 497 3491 τὰ
538 3442 627 3510 μήροο
645 3441 783 3510 ποιήματα
794 3442 1029 3511 παρεφθάρησαν,
1048 3445 1129 3512 beari
1142 3445 1234 3511 πυρός,

267 3510 319 3563 ὑπὸ
343 3511 478 3572 σεισμοῦ,
503 3509 519 3578 ἢ
543 3510 594 3561 ὑπὸ
618 3509 724 3561 ὑδάτων
749 3511 902 3578 ὑποφορᾶς,
926 3511 970 3562 καὶ
988 3511 1160 3579 ἀλληνάλλιος
1177 3517 1233 3562 τῶν

252 3579 343 3645 ιβλίιον
371 3577 629 3630 διασκεδασθέντων
661 3578 706 3629 καὶ
732 3579 913 3667 ρθαρέντιον,
944 3579 1062 3647 ὕστερον
1092 3579 1197 3647 εὑρέθη
1220 3580 1235 3629 ὁ

232 3647 276 3709 μὲν
296 3648 369 3720 ἔχων
388 3644 487 3697 ἑκατὸν
506 3645 614 3716 στίχους
637 3649 720 3717 τυχὸν
739 3646 905 3716 θμηρικούς,
929 3649 944 3698 δ
963 3648 993 3699 δὲ
1007 3647 1125 3732 χιλίους,
1152 3641 1235 3705 ἄλλος

234 3716 394 3777 διακοσίους,
430 3709 509 3772 ἄλλος
532 3716 613 3774 ὅσους
635 3713 667 3765 ἂν
696 3715 789 3787 ἔτυχε,
817 3715 861 3767 καὶ
879 3714 975 3778 ἔμελλε
993 3715 1064 3799 ληθρ
1086 3713 1234 3781 παραδίδο-

230 3788 290 3841 σθαι
312 3789 331 3860 ἡ
357 3780 474 3849 τοιαύτη
497 3783 614 3852 ποίησις·
630 3783 699 3836 ἀλλὰ
716 3783 930 3853 Πεισίστρατος,
956 3782 1098 3852 Ἀθηναιων
1117 3799 1233 3853 στρατη·

1359 3886 1371 3953 l
