3034 4434
632 551 810 607 -125-

219 697 363 772 nodotum,
384 713 459 770 quae
479 697 519 757 ad
539 699 600 757 eius
621 698 825 758 auctoritatem
844 698 1018 773 referuntur,
1037 704 1126 773 atque
1145 700 1219 762 adeo

218 773 398 836 Zenodoteae
418 777 586 850 scripturas,
606 791 741 848 maguam
755 781 834 835 certe
846 782 969 850 partem,
989 794 1046 837 non
1060 778 1132 837 alias
1146 793 1220 852 esse,

217 867 299 924 onam
319 851 516 924 antiquiorum
540 853 744 926 plerorumque
768 852 915 915 librorum.
955 853 1046 927 quue
1072 871 1159 927 quum
1185 860 1216 915 et

216 930 383 990 coniectum
400 928 553 1003 probabile
566 930 613 1002 sit,
634 934 664 989 et
677 931 786 1002 aliquot
800 929 911 990 idoneis
921 932 1098 1004 argumentis
1107 932 1215 991 intelli·
1230 941 1269 981 ²⁰⁴

215 1005 361 1080 parurn),
386 1007 595 1080 circumspecte
619 1006 702 1066 nobis
726 1006 912 1067 iudicandum
938 1009 995 1067 erit
1019 1009 1056 1067 de
1081 1010 1214 1082 principe

215 1083 398 1157 0111110111,
418 1100 455 1144 ne
474 1085 532 1157 ipsi
551 1084 725 1158 imputemus
745 1085 829 1157 vitia,
856 1100 931 1157 quae
951 1086 979 1143 ei
998 1083 1121 1145 forsitan
1140 1102 1215 1146 com-
1232 1097 1269 1138 20⁶

213 1161 310 1222 munia
329 1158 439 1220 luerint
458 1176 523 1219 eum
543 1160 709 1221 doctissimo
729 1177 844 1234 quoque
863 1161 977 1221 illorum
997 1168 1168 1236 temporum.

211 1400 326 1456 sublatis
344 1404 462 1469 quatuor
478 1399 531 1455 illis
548 1401 694 1456 423-426.
730 1399 774 1455 Sic
791 1419 814 1453 κ.
832 1403 891 1455 521.
909 1401 1094 1469 praeponebat
1111 1409 1218 1460 antece·

211 1469 339 1525 dontibus
356 1469 469 1538 (1110111111,
487 1469 534 1524 ubi
551 1466 639 1524 Schol.
655 1467 733 1532 bene,
753 1465 858 1536 Πρῶτα
876 1469 906 1521 δὲ
923 1469 1020 1523 ἰδόντα
1034 1469 1089 1523 ἔδει
1101 1472 1216 1528 κλαίειν.

210 1537 283 1593 Alibi
301 1537 502 1592 connectiones
522 1552 648 1592 versuum
666 1535 817 1591 afferuntur
842 1536 871 1591 in
887 1537 981 1607 primis
997 1537 1135 1594 ridiculae.
1170 1542 1215 1596 Itu

210 1605 337 1677 egregios
353 1605 414 1660 illos
431 1623 457 1660 α.
474 1609 533 1662 219.
551 1609 611 1661 220.
630 1605 845 1660 contrahebatin
861 1606 934 1660 hune
951 1621 1048 1660 unum:

345 1686 392 1752 Ὣς
409 1691 492 1745 εἰπὼν
511 1692 590 1745 πάλιν
609 1690 666 1744 ὦσε
682 1691 755 1760 μέγα
773 1689 857 1760 ξίφος,
875 1691 938 1744 οὐδ’
957 1691 1085 1762 ἀπίθησε.

210 1777 370 1848 nouemque
387 1777 416 1832 in
433 1776 502 1832 libro
517 1792 570 1854 pro
588 1780 645 1832 446.
664 1779 723 1832 447.
741 1776 814 1831 bunc
831 1776 966 1832 habebat:

361 1859 408 1925 Ὣς
425 1863 516 1917 εἶπεν·
535 1864 578 1916 rol
596 1864 626 1914 δ’
644 1862 701 1915 ὦκα
719 1865 781 1935 θεῷ
800 1863 878 1933 ἱερὴν
896 1863 1063 1933 ἑκατόμβην.
1128 1903 1131 1906 -

211 1949 241 2006 B.
258 1955 302 2010 60.
310 1965 369 2020 sqq.
387 1949 469 2004 tertia
486 1949 613 2018 repetitio
632 1949 778 2005 eorundem
795 1963 920 2004 versuum
932 1949 957 2004 ei
970 1949 1037 2004 adeo
1050 1948 1217 2019 displicebat,

211 2024 242 2075 nt
258 2035 311 2090 pro
330 2021 440 2075 oo-ro.
458 2018 509 2074 hos
527 2017 594 2073 duos
611 2018 698 2085 daret,

314 2101 424 2174 Ἠνώγει
442 2121 475 2159 σε
493 2106 565 2176 rard
605 2105 740 2173 ὑψίζυγος,
759 2105 852 2176 αἰθέρι
872 2105 964 2169 ναίων,

319 2169 410 2243 Τρωσὶ
427 2124 607 2245 palpamine
625 2172 706 2243 προτὶ
716 2171 805 2227 Ἴλιον.
833 2171 882 2235 Ὣς
900 2176 915 2226 ὁ
932 2176 984 2239 μὲν
1003 2173 1097 2228 εἰπών.

213 2259 250 2314 (11
268 2258 349 2314 Eust.
368 2274 394 2327 p.
410 2260 466 2314 173.
502 2258 631 2314 Similiter
647 2258 796 2327 ineptiebat
812 2260 841 2314 in
859 2279 885 2315 π.
899 2263 940 2315 89,
979 2276 1005 2328 q.
1022 2266 1050 2313 et
1067 2259 1127 2313 aliis
1144 2258 1217 2314 locis.

212 2329 249 2382 ht
266 2328 296 2382 in
313 2327 437 2396 pluribus
453 2327 557 2393 horum,
575 2327 690 2382 maxime
708 2327 754 2396 ibi,
772 2328 818 2382 ubi
836 2327 938 2397 aliquid
954 2344 973 2396 p
1019 2328 1144 2391 comisit,
1162 2325 1217 2380 cni-

212 2397 252 2452 vis
268 2400 399 2451 naewtur
416 2396 545 2466 suspicio,
568 2401 674 2465 partem
702 2396 798 2464 culpae
819 2397 847 2450 in
873 2395 1019 2450 melotide
1043 2395 1214 2463 antiquorum

212 2464 416 2534 exemplarium,
434 2481 489 2519 non
506 2464 534 2519 in
551 2463 681 2520 Zenodoti
693 2464 807 2534 ingenio
825 2464 890 2534 solo,
908 2463 1090 2534 quaerendam
1108 2477 1175 2517 esse.

281 2552 319 2618 ²³)
336 2549 449 2604 Trinum
466 2564 544 2604 omne
561 2549 712 2617 perfectum
739 2550 822 2605 aiunt.
859 2548 890 2605 B.
910 2552 967 2605 196.
986 2533 1118 2616 pluralem
1135 2545 1216 2601 affert

212 2620 327 2676 1111111.
344 2617 425 2673 Rbet.
443 2617 479 2686 11,
497 2621 522 2685 2,
534 2618 558 2673 7.
578 2590 756 2688 Διοτρεφὲων
774 2619 923 2690 βασιλήων.
953 2616 1007 2672 Ubi
1016 2631 1143 2670 numerus
1155 2629 1215 2669 sen·

212 2688 316 2743 tentiae
343 2701 426 2741 causa
448 2685 643 2756 aphilosopho
669 2692 779 2754 poterat
796 2692 915 2741 mutatus
933 2685 1026 2740 sideri
1061 2683 1115 2739 Sed
1137 2683 1215 2738 eccel

213 2756 327 2812 eandem
351 2754 512 2822 scripturam
538 2771 610 2810 nune
633 2770 668 2808 ex
686 2755 799 2810 Scholiis
823 2754 949 2809 discimus
967 2751 1099 2808 Zenodoti
1122 2751 1214 2806 fuisse.

212 2825 303 2895 Magis
320 2822 439 2878 notabile
457 2822 576 2892 horest,
594 2821 745 2892 quodidem
758 2823 863 2879 duobus
875 2830 922 2877 aut
952 2821 1054 2876 luribns
1064 2836 1124 2890 vsa,
1143 2825 1217 2875 certe

212 2893 240 2960 β.
261 2896 320 2948 144.
344 2890 368 2950 ξ.
386 2894 460 2972 499„
486 2891 645 2947 vocabulum
671 2891 816 2947 absurdum
844 2899 873 2946 et
895 2839 972 2947 noeis
996 2890 1076 2959 plane
1093 2891 1216 2958 ignotum

213 2961 319 3018 dedisse
337 2959 469 3025 1111111111,
496 2961 534 3031 φή
557 2977 608 3029 pro
626 2961 670 3020 ὡς.
706 2957 746 3032 dp
772 2960 879 3024 κύματα
901 2959 993 3030 μακρὰ
1014 2959 1171 3029 θαλάσσης,
1189 2956 1216 3010 Ὁ

213 3030 302 3102 111φὴ
321 3027 435 3082 κώδειαν
454 3029 592 3101 ἀνασχών.
628 3028 681 3083 Sed
705 3029 783 3083 istius
805 3028 918 3083 monstri
941 3043 1006 3082 usus
1030 3042 1065 3082 ex
1082 3029 1139 3087 τοῖς
1154 3024 1214 3090 μετ’

207 3096 338 3169 Ὅμηρον,
361 3097 518 3151 nominatim
540 3097 701 3152 Antimacho
730 3103 758 3151 et
777 3097 947 3165 Callimacho,
972 3095 1171 3153 demonstratur
1188 3095 1217 3149 in

213 3164 333 3222 Scholiis.
370 3151 443 3220 ilum
460 3163 489 3218 id
506 3181 571 3233 ergo
587 3165 760 3221 Zenodoteae
779 3170 902 3220 monetae
919 3164 1094 3233 putabimus?
1118 3165 1160 3219 Ita
1182 3162 1216 3218 de

212 3250 264 3291 sss.
282 3233 317 3290 ab
336 3247 369 3287 eo
388 3233 495 3289 reiectis
513 3235 596 3288 semel
613 3239 731 3303 notatur,
772 3237 848 3289 ,134Ι
867 3239 894 3287 et
905 3233 1044 3302 proximos
1055 3233 1122 3289 duos
1135 3232 1216 3286 etiam

212 3303 375 3360 achiornm
393 3302 516 3371 exemplo
535 3302 660 3358 abluisse.
695 3303 739 3357 Ad
757 3318 803 3356 ere
820 3301 863 3357 his
880 3302 973 3371 multa,
992 3301 1147 3358 facillimum
1166 3306 1215 3355 est.

213 3371 241 3427 A.
260 3374 321 3428 216.
341 3370 499 3450 σφωΐτερον
517 3371 545 3425 in
563 3370 681 3426 secundo
691 3386 808 3439 persona
823 3370 965 3439 singularis
976 3372 1081 3426 numeri
1093 3369 1216 3425 adhibuit

210 3442 240 3496 Ζ.
275 3438 518 3506 Infraridebrmus‚
536 3439 564 3493 id
576 3446 604 3494 et
615 3439 675 3493 ahie
686 3439 775 3507 pehtis
786 3439 977 3494 Alexandrinis
988 3439 1129 3508 placuisse,
1148 3452 1215 3507 quos
1294 3486 1297 3491 .

211 3524 290 3591 nemo
309 3507 411 3588 dixerit
421 3507 471 3597 ’ab‘
480 3524 534 3563 uno
552 3509 582 3562 Z.
596 3507 739 3588 deceptos..
755 3505 784 3563 Ξ.
804 3511 864 3563 442.
899 3506 987 3588 ’θϊλῆα
1004 3507 1074 3562 male
1091 3508 1214 3580 mutarit,
1291 3516 1295 3521 ·

211 3571 1228 3725 13111111111111111111111111111111-

211 3720 272 3783 ton,
299 3712 335 3769 ab
354 3711 473 3768 Homero
490 3712 617 3768 Barbarus
640 3712 720 3768 modo
743 3713 802 3768 dari
820 3713 936 3767 solitum.
970 3713 1008 3766 At
1025 3714 1214 3766 auctoritatem

211 3782 322 3839 lectioni
350 3780 476 3836 conciliat
493 3781 624 3837 Pindarus
641 3781 720 3851 Pyth.
739 3782 766 3851 1,
789 3785 850 3850 23„
877 3796 959 3848 quum
982 3785 1103 3833 veterum
1126 3791 1214 3832 exem·
