3034 4434
658 542 831 594 ..3.-

241 705 278 747 se
305 704 444 763 operosa,
476 688 671 762 impediantur
696 689 793 762 potius
819 705 904 760 quam
924 695 1070 748 ornentur.
1109 688 1143 746 In
1173 689 1247 750 tales

241 782 345 900 neffirpe
365 768 512 901 νεξὲἕῖιίιὶο
532 766 683 838 quaedam,
705 781 762 824 non
782 767 844 824 veri
863 765 984 824 nominis
1005 768 1121 822 recensio
1142 766 1247 827 cadere

240 860 271 902 vr
294 858 334 901 eri
355 860 393 916 po
457 884 463 898 .

690 996 693 1001 ·
718 968 767 1044 II.

304 1073 362 1132 Sed
391 1071 429 1130 de
459 1071 505 1130 his
534 1073 565 1129 in
591 1073 754 1130 universum
784 1086 868 1129 nemo
894 1070 1036 1143 ambigat:
1068 1073 1097 1130 in
1122 1073 1249 1132 Homero

243 1156 352 1223 autem,
374 1149 574 1221 antiquissimo
594 1155 675 1221 vate,
696 1147 726 1205 id
747 1149 840 1220 ipsum
861 1147 989 1205 dubitari
1009 1148 1107 1221 video,
1138 1151 1248 1209 tantine

243 1234 305 1285 tam
325 1242 465 1285 novorum
487 1225 615 1284 codicum
636 1225 794 1284 auctoritas
813 1222 948 1281 facienda
973 1225 1020 1282 sit.
1060 1227 1135 1284 Nam
1154 1227 1248 1285 nullus

243 1320 343 1362 eorum
363 1320 400 1360 ne
421 1307 632 1375 postremorum
653 1301 769 1374 quidem
789 1301 958 1359 Latinorum
986 1303 1158 1374 scriptorum
1177 1309 1249 1362 tem·

242 1397 317 1453 pora
338 1380 473 1451 attingit,
493 1380 580 1452 pauci
599 1385 667 1437 suut
687 1384 717 1437 et
735 1379 805 1449 rari,
826 1378 875 1449 qui
893 1378 958 1434 ΧΠ.
979 1380 1025 1436 vel
1037 1379 1089 1436 XI.
1104 1381 1249 1438 saeculum

244 1456 396 1515 excedant.
425 1456 506 1528 Quae
527 1455 669 1514 dubitatio
691 1456 716 1514 si
737 1472 800 1514 eam
820 1456 877 1512 vim
890 1453 1006 1527 habeat,
1021 1461 1053 1513 ut
1066 1462 1153 1529 poeta
1167 1457 1249 1517 nobis

246 1550 283 1592 ex
303 1533 348 1590 his
369 1531 498 1591 fontibus
520 1532 558 1591 ad
578 1534 731 1591 veritatem
747 1538 777 1590 et
790 1531 987 1603 integritatem
1000 1537 1105 1605 textus,
1126 1534 1248 1606 primum

246 1610 345 1668 divino
367 1610 429 1667 eius
450 1625 501 1668 ore
521 1607 591 1681 fusi,
616 1609 711 1681 redigi
732 1614 870 1680 nequeat,
891 1607 984 1666 dicam
1002 1609 1138 1682 posthac,
1164 1627 1249 1682 qnam

243 1687 373 1744 libenter
393 1687 468 1744 hanc
489 1691 597 1744 sectam
616 1687 816 1757 rationemque
837 1699 950 1757 sequar.
990 1684 1030 1742 At
1055 1702 1141 1756 quum
1171 1693 1249 1746 vete-

243 1781 309 1820 rum
328 1762 469 1823 librorum
489 1760 550 1821 fata
570 1763 681 1835 cogito,
707 1778 909 1834 nonnunquam
934 1767 1052 1834 praeter
1077 1778 1157 1834 spem
1182 1779 1248 1834 pro-

244 1856 342 1912 spera,
364 1845 452 1911 atque
473 1839 679 1912 animadverto,
701 1856 787 1912 quam
806 1855 898 1912 prope
919 1855 1055 1910 germano
1075 1840 1163 1898 nitori
1183 1838 1273 1898 red-⁷

243 1917 321 1975 ditos
341 1916 499 1975 habeamus
519 1916 714 1988 Herodotum,
735 1917 900 1988 Platonem,
921 1916 1154 1989 Xenophontem,
1175 1917 1248 1977 alios

245 1994 312 2052 aevi
333 1992 473 2064 eiusdem,
495 2010 565 2064 quos
586 2010 622 2051 ex
643 1993 799 2053 eorundem
820 1993 1003 2052 librariorum
1022 1993 1154 2053 manibus
1168 2010 1249 2052 acce·

243 2071 356 2143 pimus3
382 2071 437 2127 nisi
462 2068 537 2128 forte
564 2071 724 2144 priscorum
749 2068 855 2126 ἀοεδῶν
880 2071 1006 2143 pessima
1026 2069 1064 2128 ad
1082 2087 1135 2130 nos
1156 2086 1249 2131 exem-

247 2147 345 2219 plaria
365 2147 506 2218 venerint,
526 2163 583 2206 non
603 2147 729 2220 reperio,
750 2164 801 2205 cur
820 2147 865 2204 his
886 2153 966 2206 tanto
986 2148 1078 2204 minus
1093 2163 1178 2219 quam
1191 2149 1249 2207 illis

245 2221 449 2282 confidendum
470 2224 517 2281 sit.
557 2223 680 2282 Accedit
699 2223 770 2296 huc,
791 2223 867 2296 quod
889 2223 1060 2282 Criticorum
1079 2224 1249 2283 Alexandri-

245 2316 358 2372 norum,
380 2301 430 2372 qui
451 2299 588 2374 deinceps
604 2301 785 2372 exstiterunt,
806 2317 896 2374 opera
910 2301 1040 2373 contigit,
1060 2307 1093 2359 ut
1106 2318 1158 2361 uos
1172 2302 1250 2361 haud

245 2377 335 2436 dubie
349 2376 507 2437 Homerum
520 2378 618 2435 multis
631 2378 702 2437 locis
716 2378 824 2436 rectius
846 2378 984 2449 scripturn
1004 2378 1143 2449 legamus,
1164 2395 1249 2450 quarn

244 2454 289 2511 illi
320 2454 377 2526 ipsi
396 2454 496 2526 legere
516 2459 643 2526 possent.
683 2453 817 2527 Denique
842 2454 872 2511 in
899 2455 935 2511 iis
965 2454 1170 2526 scriptoribus,
1200 2457 1250 2526 qui

244 2530 372 2601 Homeri
385 2547 487 2588 versus
507 2536 665 2605 apponunt,
684 2533 838 2604 pauciores
859 2546 938 2602 sane,
958 2545 1043 2600 quam
1064 2531 1127 2600 quis
1141 2538 1249 2604 speret,

245 2606 432 2667 diversitates
460 2607 592 2667 leet-ionis
619 2612 699 2679 sunt,
725 2624 800 2680 quae
827 2607 941 2678 quidem
967 2607 1088 2664 alieuius
1112 2610 1249 2666 momenti

244 2683 313 2757 sint,
332 2699 387 2742 nec
406 2681 494 2742 infida
514 2685 653 2743 memoria
672 2685 808 2756 vitiatae,
835 2700 906 2755 quas
926 2700 983 2741 non
1003 2684 1123 2742 existis
1145 2684 1249 2744 codici·

245 2760 301 2818 bus
321 2776 415 2833 paene
435 2760 553 2821 easdem
569 2761 763 2834 recipiamus.
802 2761 923 2821 Novitas
945 2760 1020 2818 enim
1039 2760 1170 2820 codicum
1193 2778 1249 2822 non

244 2836 339 2896 maius
360 2837 463 2895 vitium
484 2842 542 2910 est,
569 2854 654 2909 quarn
678 2836 824 2897 hominum
845 2837 1055 2897 adolescentia:
1087 2839 1175 2899 etiam
1202 2839 1250 2898 hic

177 2932 179 2937 ’
244 2929 303 2973 non
334 2929 450 2988 semper
470 2919 551 2972 aetas
572 2915 744 2988 sapientiam
765 2915 863 2986 affert3
892 2920 925 2972 ut
951 2915 1072 2987 quisque
1102 2917 1250 2988 antiquum

247 2994 279 3048 et
306 2989 413 3050 bonum
439 2996 587 3051 auctorem
613 2991 686 3050 bene
712 2993 858 3064 sequitur,
888 2991 931 3050 ita
959 2992 1044 3049 testis
1076 2999 1121 3050 est
1149 2992 1248 3052 bonus.

243 3065 312 3125 Etsi
331 3067 423 3139 igitur
444 3066 623 3127 Scholiorum
644 3072 674 3126 et
694 3066 907 3128 Glossariorum
928 3069 1083 3141 apparatui
1102 3070 1249 3142 aliquanto
1337 3080 1340 3085 “

244 3143 313 3215 plus
334 3159 421 3215 quarn
441 3143 525 3202 nudis
546 3143 720 3203 membranis
740 3145 853 3215 tribuo;
881 3144 1012 3217 pluribus
1039 3150 1136 3204 tamen
1163 3161 1258 3206 exem-

243 3220 300 3292 plis
322 3236 413 3294 saepo
432 3221 587 3294 perspexi,
618 3221 691 3279 haec
718 3221 853 3281 Carmina
877 3222 1009 3280 nonnisi
1036 3222 1167 3295 ntnsque
1191 3239 1258 3283 con·

244 3298 351 3356 iunctis
382 3297 474 3370 copiis
505 3296 544 3356 ad
582 3313 645 3357 eam
684 3298 859 3373 scripturam
888 3298 1020 3357 revocari
1049 3315 1153 3371 posse,
1183 3317 1258 3372 quae

244 3388 339 3447 neque
358 3374 431 3447 ipsis
451 3373 490 3432 sit
510 3373 640 3446 indigna,
663 3389 717 3433 nec
738 3392 756 3434 a
777 3374 880 3434 doctae
896 3375 1077 3447 antiquitatis
1091 3379 1257 3450 praeceptis

247 3449 416 3510 abhorrens.
456 3449 496 3508 Et
516 3450 572 3510 hoc
591 3451 621 3508 in
641 3450 705 3511 loco
720 3451 764 3511 ita
776 3451 859 3511 nobis
874 3449 1116 3527 acquiescendum
1130 3454 1194 3526 erit,
1214 3460 1257 3527 ut,

245 3525 271 3583 ai
296 3543 402 3601 purum
422 3531 523 3599 putum
544 3523 642 3584 ἀοιδὸν
668 3543 860 3599 quaeramus,
879 3545 934 3587 nec
953 3528 1031 3586 idem
1050 3528 1147 3599 nobis,
1173 3530 1250 3601 quod

245 3601 417 3674 Plutarcho,
437 3601 569 3675 Longino
589 3603 634 3661 vel
653 3603 771 3678 Proclo,
792 3606 864 3664 satis
886 3621 951 3664 esse
970 3611 1117 3678 putemus,
1137 3610 1188 3664 ant
1210 3605 1249 3663 ad

245 3678 344 3740 inania
362 3684 441 3752 vota,
462 3685 513 3738 aut
532 3678 571 3738 ad
592 3679 760 3740 effrenatam
782 3681 930 3742 divinandi
949 3680 1098 3740 libidinem
1111 3696 1158 3739 res
1171 3679 1248 3738 redi-

245 3759 311 3817 tura
331 3770 398 3816 esse
417 3754 560 3815 videatur.

1071 3856 1101 3898 x!
