3034 4434
212 2425 248 2465 190

669 563 852 618 -116-

257 715 380 790 publicis
405 729 505 772 musea
536 718 567 773 et
593 711 801 784 bibliothecae,
830 727 885 785 pro
917 711 1049 784 ingenio,
1079 710 1264 786 propriarum

258 809 345 866 opum
371 791 475 862 divite,
500 788 617 863 trepida
643 794 673 848 11
696 788 891 848 mediocribus
917 787 996 846 ausis
1022 804 1055 847 11
1080 789 1264 850 committens

257 868 397 940 imitatio,
428 882 482 941 pro
511 866 608 940 poesis
635 871 665 926 et
695 866 877 938 eloquentiae
904 865 1133 926 concitatissimo
1158 865 1265 939 spiritu

259 945 370 1017 sobria,
395 960 483 1018 saepe
510 941 617 1016 frigida
638 943 777 1013 eruditio,
809 943 839 1001 in
858 957 1014 1014 omnesque
1033 948 1135 1016 partes
1156 942 1265 1002 doctri·

257 1037 360 1082 narum
379 1020 483 1080 diffusa
501 1021 604 1094 lectio,
628 1036 682 1094 pro
708 1020 881 1079 inventionis
907 1019 1038 1079 sollertia
1063 1019 1208 1079 sedulitas
1235 1024 1266 1078 et

259 1114 329 1159 cura
350 1104 380 1158 et
398 1098 475 1157 nitor
495 1098 612 1171 quidam
633 1097 832 1171 dispositionis
852 1096 1016 1170 poeticiquc
1037 1097 1190 1170 sermonis,
1210 1113 1264 1169 pro

259 1177 366 1236 artium
391 1174 515 1247 denique
542 1176 668 1235 omnium
693 1172 847 1246 magnifico
874 1179 905 1233 et
924 1175 1022 1233 nativo
1043 1171 1116 1233 flore
1136 1175 1264 1234 corollae

260 1268 295 1312 ex
318 1252 447 1324 undique
473 1251 619 1326 decerptis
645 1249 773 1310 flosculis
793 1251 934 1310 collectae
953 1248 1262 1324 conspiciebantur⁵⁹).

258 1330 292 1388 In
316 1329 361 1388 his
388 1335 485 1388 autem
510 1329 631 1398 studiis,
662 1343 736 1399 quae
768 1344 844 1387 nunc
873 1327 997 1386 maxime
1023 1344 1105 1387 amor
1131 1329 1264 1400 antiquo

258 1422 322 1465 rum
346 1406 550 1466 imitandorum
576 1404 735 1477 excitabat,
764 1425 812 1460 ara
840 1403 896 1463 fuit
920 1407 1117 1476 interpretandi
1134 1415 1160 1462 ct
1179 1424 1264 1462 emen-

259 1486 357 1556 dandi,
382 1484 488 1543 lentius
514 1487 656 1543 commota
686 1488 788 1554 antea,
816 1483 863 1540 cui
887 1482 982 1540 nullus
1006 1487 1139 1541 veterum
1162 1487 1265 1556 poeta-

259 1576 323 1619 rum
341 1560 470 1633 largiora
488 1560 596 1634 pabula
615 1559 777 1634 praebebat
790 1575 876 1630 quam
889 1559 1041 1619 Homerus.
1073 1558 1145 1618 Mox
1159 1558 1266 1618 eadem

259 1654 308 1696 ars
332 1637 467 1697 traducta
491 1643 537 1696 est
561 1637 598 1696 ad
625 1636 700 1696 alios
725 1641 843 1710 poetas,
873 1636 1031 1710 praecipue
1056 1636 1177 1710 lyricos,
1205 1642 1265 1696 tra-

260 1715 353 1788 gicos,
379 1715 519 1787 comicos,
548 1714 618 1772 item
639 1714 677 1774 ad
696 1713 866 1786 historicos,
892 1717 1037 1785 oratores,
1062 1712 1209 1786 medicea,
1235 1718 1265 1773 11

259 1797 293 1850 ut
312 1792 446 1864 quodque
466 1807 557 1864 genus
577 1792 690 1864 insigne
709 1796 774 1850 erat
792 1791 974 1863 praestantia
993 1794 1091 1848 'rerum
1111 1796 1142 1848 et
1161 1790 1265 1851 obscu-

258 1869 347 1929 ritate
367 1869 529 1928 verborum.
568 1867 615 1926 Ad
636 1869 717 1927 illum
737 1884 821 1926 usum
833 1868 990 1926 latissimos
1004 1882 1121 1939 campos
1135 1867 1266 1946 ποικᾶης

259 1944 425 2022 φιλολογίας
443 1951 620 2018 aperuerunt
641 1944 844 2017 Grammatici,
869 1949 1085 2018 coeperimtque
1105 1950 1264 2004 accuratae

259 2021 508 2094 interpretationis
546 2021 646 2079 silvam
682 2022 822 2094 colligere
852 2037 888 2080 ex
918 2021 1082 2093 cognitione
1111 2021 1263 2094 historiae,

260 2097 464 2168 chronologiae
484 2097 718 2170 reliquarumque
738 2099 867 2172 partium
886 2097 1082 2170 antiquitatis,
1112 2099 1200 2158 simul
1219 2099 1263 2173 ip·

261 2190 323 2233 sam
342 2173 458 2247 linguae
474 2173 605 2233 Graecae
624 2180 758 2234 naturam
780 2182 810 2235 et
829 2175 971 2234 rationem
985 2175 1118 2248 scrutari,
1140 2192 1264 2248 eamque

261 2249 299 2309 ad
324 2251 405 2324 leges
431 2251 581 2324 analogiae
613 2258 643 2311 11
673 2254 912 2312 consuetudinem
940 2252 1080 2312 honorum
1110 2259 1264 2313 auctorum

262 2328 394 2401 exigere,
414 2328 617 2388 vocabulorum
641 2331 736 2389 varias
757 2332 866 2389 classes
886 2329 1066 2400 describere,
1094 2329 1153 2388 τῶν
1172 2328 1266 2387 πολλὰ

261 2402 464 2483 σημαινόντων,
484 2403 590 2483 ὁμοίων
610 2412 641 2467 11
660 2404 1265 2485 διαφόρων11111111111111111111111111111111

261 2481 389 2555 definire,
411 2488 441 2542 11
461 2484 519 2542 alia
539 2484 649 2543 dehoc
669 2500 776 2556 genere
790 2485 903 2556 agitare
916 2483 1050 2556 plurima,
1071 2482 1176 2555 quibus
1190 2485 1264 2542 mul-

261 2565 322 2619 tum
341 2561 459 2619 mutatis
480 2561 611 2633 subinde,
631 2561 736 2620 misere
756 2561 908 2632 truncatis,
933 2561 963 2618 in
983 2560 1056 2618 alias
1077 2565 1166 2632 atque
1187 2561 1263 2619 alias

261 2634 367 2713 formas
387 2635 508 2710 relictis,
532 2638 619 2697 hodie
646 2652 761 2710 quoque
787 2639 817 2696 in
837 2637 961 2697 doctiori
980 2636 1076 2696 studio
1096 2637 1265 2711 linguarum

261 2729 349 2786 saepe
369 2714 453 2772 inscii
471 2713 592 2774 fruimur
602 2714 649 2786 60).
1159 2763 1161 2766 .

329 2946 365 3025 ⁶⁹)
388 2944 502 2999 Erudite
524 2945 591 3000 haec
613 2949 773 3012 persecutus
796 2949 838 2998 111
855 2943 897 2996 Η1
936 2943 977 2997 'us
994 2943 1022 2996 in
1040 2942 1114 2996 Diss.
1129 2942 1164 2996 de
1183 2944 1264 3011 genio

261 3013 363 3068 11111111
380 3013 602 3082 Ptolemaeorum,
620 3013 718 3082 Opuse.
736 3013 811 3068 acad.
832 3011 889 3067 Vol
916 3050 922 3064 .

329 3098 365 3164 ⁶0)
383 3096 469 3164 Quam
486 3096 577 3150 multis
596 3097 623 3151 in
641 3097 722 3152 rebus
740 3097 822 3152 etiam
840 3112 911 3151 nune
920 3097 1086 3164 pendeamus
1098 3096 1133 3151 ab
1144 3097 1263 3151 Alexan-

261 3164 397 3219 drinorum
415 3164 520 3220 iudiciis
539 3171 566 3219 et
585 3165 822 3234 lucubrationibus,
841 3165 995 3232 singulatim
1008 3165 1140 3233 exemplis
1154 3165 1263 3220 demon·

261 3240 347 3287 strare
365 3249 464 3302 operae
482 3234 599 3303 pretium
611 3233 700 3289 fuerat
743 3235 787 3289 Sic
799 3233 884 3289 omnis
896 3233 953 3287 iere
965 3233 1076 3302 vulgata
1087 3233 1264 3302 chronologia

259 3302 355 3356 horum
372 3309 414 3357 111
430 3303 681 3370 Alexandrinorum,
700 3303 739 3357 sic
755 3301 960 3356 innumerabilia
977 3302 1005 3356 in
1023 3301 1173 3356 subtilitate
1188 3309 1263 3356 rete-

260 3385 325 3424 rum·
337 3370 497 3443 linguarum,
515 3372 554 3427 sic
572 3370 633 3428 1111.
660 3371 736 3426 Unus
748 3370 795 3425 ille
806 3374 918 3425 delecta
930 3372 1094 3424 clmaicoram
1105 3372 1263 3436 scriptorum

260 3444 288 3492 11
311 3440 339 3492 in
362 3457 416 3509 quo
435 3457 469 3496 ue
493 3455 591 3510 genere
609 3439 775 3520 principum,
802 3454 883 3508 quem
900 3437 945 3492 lib.
965 3439 1005 3506 X..
1017 3437 1216 3505 Quinctilianus
1234 3444 1263 3492 et

260 3457 455 3630 3111111111οέ1
477 3515 536 3564 tota
560 3506 706 3575 antiquitas
724 3508 859 3587 sequitur,
882 3506 1000 3562 omnium
1018 3506 1187 3586 saeculorum
1205 3511 1261 3561 stu-

278 3575 304 3631 ia
328 3583 356 3631 et
377 3577 547 3633 librariorum
569 3591 664 3630 manus
682 3574 782 3630 direxit
798 3575 834 3630 ad
851 3575 893 3644 rd,
916 3575 989 3644 quod
1006 3581 1138 3644 optimum
1156 3582 1217 3630 erat
1233 3576 1262 3628 in

259 3643 363 3700 infinita
379 3645 465 3714 copia.
500 3644 610 3714 Absque
628 3643 674 3698 illo
692 3642 799 3699 delectu
818 3650 896 3711 esset,
914 3643 1036 3712 profecto
1054 3659 1103 3711 nos
1120 3659 1176 3699 non
1192 3643 1262 3698 haec

259 3720 431 3836 11111111ηέ1111
448 3712 607 3783 antiquioris
617 3711 756 3781 Graeciae,
775 3718 803 3766 et
814 3710 889 3767 hand
906 3713 961 3767 seio
981 3712 1113 3767 anminus
1120 3717 1261 3780 praestan

259 3783 299 3836 tia
334 3795 481 3836 aeremns.
877 3796 884 3809 ·
