3034 4434
649 530 831 583 ...59-

234 668 407 742 collegerunt
429 668 557 742 quidam,
576 675 721 729 versatam
735 684 800 728 osse
813 685 932 743 operam
946 684 1045 728 eorum
1058 670 1088 727 in
1100 668 1230 728 versibus
1245 678 1272 717 ⁹⁷

233 747 333 818 passim
354 745 548 819 excerpendis
569 752 599 806 et
618 746 853 806 consarcinandis
873 746 910 804 ad
931 746 1045 806 modum
1060 746 1228 819 (lentorum,

234 823 326 894 quales
348 839 386 881 ex
406 822 536 882 Homero
555 839 574 881 a
593 825 701 882 sanctis
722 824 824 882 animis
845 821 914 882 facti
935 830 1061 896 exstant,
1086 824 1232 883 ridiculae

232 899 355 973 ineptiae
379 900 412 958 in
432 900 698 973 summagravitnte
718 917 824 960 rerum.
864 902 961 973 Atque
981 901 1137 959 absurdum
1157 901 1230 959 illud

233 981 421 1036 commentum
443 978 531 1037 etiam
550 979 663 1051 turpius
683 984 815 1037 umatum
837 983 882 1036 est
902 977 938 1036 ab
963 977 1014 1049 iis,
1042 979 1091 1050 qui
1110 979 1232 1037 circula-

232 1055 317 1114 torios
338 1060 475 1114 cantores
495 1055 540 1113 sui
558 1055 697 1128 temporis
710 1053 864 1128 rhapsodis
875 1055 983 1113 similes
996 1056 1062 1127 rati,
1082 1071 1139 1128 res,
1160 1072 1231 1128 quas

233 1131 270 1189 illi
289 1132 460 1204 cecinerint,
480 1131 510 1190 in
529 1131 630 1191 tabula
643 1133 736 1205 pictas
750 1139 781 1191 et
793 1131 898 1191 bacillo
912 1132 1125 1191 demonstratas
1138 1131 1228 1206 finge-

233 1207 306 1267 bant.
347 1208 467 1267 Tertius
487 1225 568 1269 error
587 1210 730 1268 latissime
749 1214 842 1282 patet,
862 1210 998 1268 hocloco
1018 1209 1099 1268 nobis
1120 1210 1149 1267 in
1169 1211 1249 1283 pri-¹

232 1286 282 1344 mis
302 1285 516 1358 coarguendus.
549 1286 624 1345 Nam
644 1286 722 1358 quod
742 1291 810 1345 ante
829 1287 966 1344 usitatam
979 1287 1125 1346 scribendi
1137 1293 1230 1346 artem

233 1378 380 1422 commune
401 1367 466 1421 erat
481 1361 661 1422 Carminibus
681 1363 821 1434 omnibus
841 1364 987 1436 singulare
1006 1363 1133 1424 Homero
1153 1365 1234 1422 insti-

233 1445 323 1498 tutum
343 1437 487 1512 fecerunt,
509 1456 631 1512 eumque
645 1446 749 1512 vatem,
771 1456 855 1512 quem
868 1441 978 1512 ingenii
991 1443 1035 1498 sui
1048 1448 1234 1500 monumenta

234 1517 339 1590 scripto
359 1517 547 1589 consignasse
566 1534 623 1576 non
642 1516 824 1589 dubitabant,
844 1534 932 1576 unum
952 1518 998 1575 vel
1011 1519 1041 1574 in
1055 1519 1155 1590 paucis
1169 1535 1235 1576 can·

233 1593 311 1652 titari
332 1599 363 1653 et
382 1593 550 1653 memoriter
569 1595 683 1667 vulgari
702 1595 818 1653 solitum
838 1599 986 1667 putarunt.
1017 1594 1071 1653 Oui
1084 1595 1189 1654 rationi
1203 1601 1235 1654 et

234 1670 294 1743 ipsa
318 1687 369 1729 res
395 1676 426 1729 et
450 1675 580 1730 veterum
605 1671 764 1730 auctoritas
788 1681 907 1745 prorsus
932 1677 1084 1743 repugnat.
1127 1673 1230 1743 Neque

236 1747 306 1806 enim
331 1749 416 1806 unius
443 1747 580 1822 Homeri,
607 1747 660 1806 sed
690 1754 720 1807 et
743 1747 866 1807 Hesiodi
896 1754 926 1806 et
946 1749 1066 1807 aliorum
1087 1747 1230 1820 Carmina,

234 1841 372 1896 omneque
393 1825 507 1898 epicum
527 1841 633 1898 genus,
658 1842 725 1885 mox
743 1826 865 1898 lyricum
886 1841 1000 1896 quoque
1020 1830 1051 1883 et
1069 1824 1230 1897 iambicum,

235 1903 382 1977 complexa
402 1907 448 1960 est
468 1919 516 1961 ars
534 1902 797 1977 rhapsodorum⁶³)‚
817 1901 929 1974 fuitque
939 1902 989 1959 diu
1002 1902 1075 1961 haec
1089 1902 1173 1960 unica
1187 1903 1233 1960 via
1250 1919 1276 1958 sa

235 1979 347 2053 publice
366 1979 511 2053 prodendi
528 1981 645 2054 ingenii,
666 1986 700 2038 ut
713 1981 801 2038 etiam
813 1979 1022 2053 Xenophanem
1035 1985 1170 2052 poemata
1184 1997 1237 2038 sua

235 2056 326 2130 ipsum
343 2053 519 2147 ῥαψῳδῆσαι
536 2056 721 2130 1030110064).
754 2058 788 2115 In
801 2056 963 2117 Homericis
983 2063 1089 2129 autem,
1109 2060 1234 2117 omnium

236 2134 500 2207 praestantissimis,
520 2135 707 2208 plurimorum
728 2133 826 2193 studia
844 2134 983 2207 haesisse,
1004 2142 1034 2194 et
1047 2136 1130 2207 quasi
1148 2139 1232 2205 fumi·

237 2213 297 2266 lium
323 2211 469 2284 quandam
495 2212 641 2270 exstitisse
663 2214 888 2284 Hominum,
915 2228 989 2283 quae
1008 2213 1131 2287 primum
1150 2213 1228 2287 apud

237 2286 328 2360 otios,
349 2288 455 2346 deinde
476 2288 545 2346 alibi
563 2289 639 2347 hanc
652 2295 745 2348 artem
759 2288 960 2362 exerceretffi),
981 2291 1134 2349 multorum
1148 2291 1232 2349 testi-

236 2366 334 2425 moniis
355 2363 548 2425 confirmatur.

317 2511 355 2575 63)
385 2507 456 2563 Vide
474 2509 542 2563 Plat.
561 2508 594 2563 de
613 2505 698 2577 Le'gg.
717 2508 751 2562 ll.
772 2526 798 2577 p.
818 2513 877 2564 658.
894 2509 937 2578 Ι).,
954 2510 982 2563 in
999 2511 1064 2565 Ione
1081 2526 1108 2579 p.
1126 2513 1186 2565 530.
1203 2509 1236 2563 B.

235 2578 332 2632 Athen.
347 2575 422 2632 XIV.
441 2593 468 2646 p.
486 2581 543 2632 620.
563 2578 591 2633 0.

299 2666 337 2732 64)
354 2665 406 2732 Ap.
425 2663 504 2733 Diog.
522 2664 614 2718 Laert.
627 2663 675 2728 IX,
696 2667 736 2718 18.
772 2663 858 2731 Quem
877 2664 964 2718 locum
976 2663 1087 2719 Rossins
1104 2678 1190 2731 nuper
1207 2662 1235 2715 in

236 2732 421 2788 commentatt.
439 2732 529 2786 Laert.
547 2748 602 2788 non
623 2731 718 2786 melius
736 2734 842 2802 accepit
853 2749 933 2802 quam
945 2732 1105 2787 Fenerlinus
1123 2732 1151 2784 in
1168 2731 1239 2785 Diss.

235 2799 265 2856 de
281 2801 452 2870 Xenophane
471 2817 498 2868 p.
516 2805 556 2856 21.

299 2887 336 2955 ⁶⁵)
353 2886 496 2941 Familiam
513 2885 573 2940 dico
591 2901 625 2940 ea
641 2887 845 2956 significatione,
863 2904 916 2957 qna
927 2886 1044 2941 familiae
1057 2885 1227 2955 appellantur

235 2961 322 3010 000100
339 2955 383 3010 101
399 2954 507 3010 scholae
523 2953 751 3024 philosophorum,
770 2973 824 3010 non
836 2964 964 3024 tanquam
973 2956 1083 3024 stirpem
1095 2961 1123 3008 et
1132 2969 1227 3034 proge-

234 3024 300 3079 niem
320 3023 439 3079 Homeri.
467 3023 544 3077 Hanc
561 3022 811 3092 interpretationem
829 3025 1009 3093 relinquamus
1027 3023 1140 3078 vanitati
1149 3022 1229 3076 Chio·

234 3109 291 3147 nun
309 3109 354 3160 ap.
372 3091 460 3146 Strab.
477 3091 550 3146 XIV.
568 3107 595 3159 p.
613 3095 681 3160 645,
698 3108 715 3146 a
733 3110 787 3162 qus.
803 3093 917 3148 fortasse
934 3093 985 3160 ipsi
1003 3091 1165 3146 Homeridae
1185 3089 1230 3144 ab·

233 3161 347 3216 lucum.
386 3160 439 3227 Qui
457 3160 480 3214 si
496 3175 560 3214 vere
598 3175 664 3214 enus
682 3177 768 3230 suum,
785 3177 839 3216 non
856 3168 950 3230 artem,
968 3160 1107 3215 duxissent
1124 3160 1158 3214 ab
1176 3159 1233 3213 Ho-

233 3245 314 3299 mero,
333 3229 427 3299 paullo
445 3229 561 3284 certiora
579 3175 612 3282 fic
630 3229 766 3284 natalibus
783 3237 812 3284 et
829 3230 885 3284 rita
902 3229 960 3284 eins
971 3229 1077 3284 tradere
1087 3228 1228 3283 debebant.
1331 3294 1336 3300 p

233 3297 326 3378 Neque
344 3313 409 3352 vero
427 3302 614 3365 argumentum
632 3302 674 3350 est
691 3298 719 3351 in
736 3298 802 3353 locis
814 3298 936 3366 Pindari,
959 3298 1080 3352 Acusilai
1097 3303 1125 3351 et
1141 3296 1236 3350 Hella·

233 3368 284 3421 mci
301 3370 357 3436 (ap.
375 3367 506 3446 Harpocr.
524 3382 548 3419 v.
564 3363 721 3446 Ὁμηρίδαι),
740 3367 813 3448 quod
829 3367 874 3420 vul
894 3383 968 3422 arem
977 3367 1049 3421 illam
1061 3366 1159 3421 famam
1172 3381 1234 3418 eon-

233 3434 333 3504 firmet3
355 3432 441 3514 multo
464 3449 552 3488 minus
569 3449 598 3488 m
615 3443 666 3514 usu
682 3450 797 3491 nomrms
814 3383 893 3505 apud
910 3436 1063 3515 Platonem,
1086 3434 1233 3489 Isocratem

234 3504 351 3574 aliosque
370 3508 524 3570 scriptores.
539 3570 545 3583 .
559 3501 703 3582 Exstincto
721 3505 792 3562 euim
810 3503 910 3584 celebri
934 3503 1048 3571 familia,
1071 3502 1231 3583 translatum

235 3579 273 3627 Μ
288 3570 1013 3696 ”litt“tlt⁸lth⁰fflllv⁰tl⁰th¹⁰hltht
1029 3572 1236 3707 ttthtttt

234 3655 298 3833 {gtecc
309 3725 369 3833 drea
393 3712 460 3829 tot&
474 3682 679 3830 ⁰3⁸⁰¹¹P³Sihgih
693 3679 820 3833 {vestefinin
827 3684 1078 3831 ffidmffatimum
1095 3705 1232 3758 dissensus

236 3793 337 3833 osni
370 3792 414 3844 ap.
461 3791 565 3845 arpocr.
603 3791 691 3831 u1.e
741 3794 810 3832 co.
898 3791 1005 3830 ..cc
