3034 4434
623 547 808 624 -av-r

213 704 273 763 solis
293 704 437 763 Romanis
457 702 655 777 tribuatur¹⁴),
676 721 710 763 ac
730 704 755 762 si
776 705 822 762 cui
842 703 918 764 forte
937 706 1065 778 placebit
1084 709 1146 767 eins
1166 724 1213 770 co-

212 781 283 853 piam
302 781 450 853 praebere
468 781 555 853 Mosi,
582 787 615 839 ut
633 782 698 855 ipse
717 781 948 840 Pentateuchum
968 783 1156 856 contexatii),
1177 802 1213 844 ne

211 857 324 916 linteam
346 858 464 930 quidem
483 857 577 916 Iliada
596 858 679 917 nobis
700 855 864 928 confingere
882 859 961 917 licet.
993 860 1096 932 ltaque
1116 861 1213 924 admo-

211 935 273 993 dum
293 934 472 994 inconditam
493 939 585 994 artem
604 935 744 993 mansisse
758 939 882 1008 apparet
896 941 926 994 et
938 937 1116 996 rarissimum
1131 956 1213 999 usum

212 1012 281 1080 eius,
302 1016 460 1084 antequam
481 1027 545 1070 eam
565 1012 596 1068 in
609 1012 701 1070 ovillis
714 1012 762 1070 vel
775 1012 901 1085 caprinis
915 1012 1040 1085 pellibus
1054 1015 1214 1087 procedere

212 1088 444 1147 animadversum
459 1093 531 1147 erat
551 1088 585 1147 ld
599 1094 696 1147 autem
710 1087 747 1146 ab
761 1088 878 1148 Ionibus
892 1090 1055 1149 institutum
1065 1091 1212 1154 incruento

211 1166 286 1238 loco,
313 1181 399 1237 quem
419 1165 575 1238 aliquoties
593 1165 764 1237 memoravi,
797 1163 889 1224 refert
908 1166 1089 1240 Herodotus3
1121 1184 1213 1242 eaque

211 1241 262 1300 iuit
281 1258 342 1301 una
360 1258 419 1314 ree,
446 1258 521 1314 quae
542 1241 702 1301 scribendis
722 1242 804 1301 libris
824 1244 1071 1315 opportunitatem
1090 1246 1214 1306 haberet

212 1319 401 1391 antiquiorem
420 1317 546 1379 fortasse
556 1335 676 1393 papyro.
709 1319 785 1378 Nam
799 1320 876 1390 quod
888 1320 965 1379 idem
979 1327 1081 1381 auctor
1092 1324 1213 1384 mentio-

211 1411 272 1454 nem
297 1394 369 1455 facit
394 1401 559 1455 ceratarum
588 1396 753 1455 tabularum
763 1394 816 1468 ²⁶),
841 1412 878 1456 ex
900 1397 946 1456 his
966 1404 1046 1457 certe
1066 1400 1213 1460 volumina

214 1479 240 1532 ct
257 1473 326 1532 libri
347 1472 548 1533 confieinullo
567 1478 654 1546 pacto
673 1477 840 1547 potuerunt.

662 1666 767 1743 XVI.

286 1820 329 1880 At
349 1837 427 1894 vero,
448 1822 473 1879 si
494 1822 544 1881 diu
558 1828 625 1881 ante
640 1823 769 1883 chartam
782 1822 990 1895 Pergamenum
1001 1822 1105 1882 radere
1118 1825 1210 1899 pelles
1223 1840 1250 1880 aa
1338 1876 1351 1892 ,

215 1903 241 1956 et
259 1897 297 1956 ad
319 1898 503 1957 scribendum
523 1905 627 1972 aptare
640 1901 736 1972 coepit
748 1900 841 1969 Ionia,
860 1899 994 1971 idemque
1008 1902 1141 1974 populus,
1161 1902 1211 1973 qui

214 1975 319 2046 primus
341 1973 477 2035 Carmina
496 1977 660 2049 perpolivit,
681 1976 889 2049 expeditiorem
902 1977 1053 2035 materiam
1066 1977 1211 2038 scribendi

216 2056 389 2110 commentus
411 2057 465 2124 est,
485 2052 554 2124 quid
575 2053 748 2126 quaerimus,
769 2053 855 2124 quale
877 2069 967 2125 genus
980 2070 1078 2112 rerum
1091 2070 1212 2114 exaran-

212 2127 252 2187 dis
272 2128 334 2186 suis
356 2127 538 2188 Carminibus
557 2130 706 2203 usurparit
725 2134 806 2188 vates
825 2130 963 2189 Ionicus?
992 2129 1135 2190 Videlicet

366 2202 438 2262 θῖῶν
457 2201 540 2262 πώεα
558 2204 635 2264 καλὰ
654 2203 702 2262 καὶ
721 2201 833 2262 αἰπόλια
851 2200 955 2264 πλατέ’
973 2205 1069 2284 αἰγῶν.

212 2281 355 2341 bellemus
376 2281 574 2342 tantummodo
594 2283 625 2341 id
645 2283 802 2342 adiecisset
814 2282 989 2354 Herodotus,
1010 2300 1066 2356 quo
1080 2291 1209 2360 tempore

213 2373 243 2417 ea
267 2358 450 2419 consuetudo
469 2358 569 2418 Ionum
588 2357 767 2432 frequentari
786 2360 924 2432 coeperit.
965 2358 1133 2432 Quanquam
1153 2377 1210 2420 non

212 2435 323 2495 videtur
343 2435 429 2494 valde
448 2434 633 2508 frequentata
652 2434 759 2508 fuisse,
785 2436 810 2493 si
830 2435 946 2507 quidem
965 2433 1101 2494 facillime
1121 2437 1210 2495 cessit

212 2512 327 2572 cimae
347 2528 539 2586 papyraeeae.
577 2512 732 2573 Enimvero
745 2512 836 2583 illum,
856 2512 881 2570 si
893 2510 978 2570 modo
992 2511 1067 2570 aliae
1080 2513 1209 2571 rationes
1282 2561 1286 2565 .

212 2589 338 2662 siverint,
357 2606 416 2648 non
435 2590 540 2665 cupide
559 2589 824 2663 interpretabimur,
849 2589 874 2646 si
893 2588 969 2647 bunc
987 2604 1070 2646 usum
1089 2587 1209 2660 pellium

211 2665 260 2726 sub
288 2665 429 2740 epocham
450 2666 659 2740 Olympiadum'
669 2666 817 2725 inductum
841 2664 1006 2735 credamus,
1032 2670 1062 2722 et
1086 2664 1208 2738 petitum

211 2742 243 2801 ab
264 2742 472 2816 Orientalibus,
492 2742 570 2816 apud
589 2760 670 2816 quos,
691 2749 725 2801 ut
743 2743 816 2801 alias
834 2741 973 2813 quasdam
986 2740 1126 2800 barbaras
1140 2756 1209 2814 gen·

210 2825 259 2892 tes,
272 2819 400 2877 invaluit
410 2821 525 2893 penitus
540 2826 570 2879 et
583 2820 744 2879 diutissime
756 2820 858 2891 viguit.
879 2818 937 2878 Sed
950 2823 984 2876 ut
996 2818 1068 2875 illud
1080 2832 1209 2891 sumpse·

209 2897 255 2969 ris,
275 2895 355 2968 quod
375 2901 406 2954 te
425 2894 523 2955 facere
543 2903 648 2970 cogent
667 2897 782 2956 collecti
802 2896 905 2953 calculi
925 2895 1039 2967 reliqui,
1060 2900 1208 2955 tamenne

209 2976 274 3031 tunc
284 2972 404 3046 quidem
418 2973 583 3047 expeditam
595 2990 657 3032 rem
671 2978 701 3032 et
714 2975 862 3045 vulgarem
875 2971 982 3030 iactam
993 2987 1066 3045 esse,
1079 2973 1207 3044 ipsarum

274 3134 312 3198 ²4)
330 3133 375 3189 Sic
391 3131 511 3202 intellige
529 3133 609 3187 Plinii
626 3133 644 3186 1.
661 3133 693 3199 l.,
718 3148 771 3201 quo
795 3133 837 3185 usi
863 3146 955 3185 sumus
971 3131 999 3184 in
1016 3129 1059 3185 his
1076 3129 1207 3198 omnibus,

210 3217 275 3270 quae
299 3202 334 3257 de
356 3201 544 3257 instrumentis
569 3202 674 3270 priscae
699 3201 850 3268 scripturae
868 3200 1044 3267 disputamus.
1079 3197 1207 3267 Reliquos

209 3269 278 3325 locos
294 3270 348 3325 hac
366 3269 400 3323 dc
418 3284 459 3337 re,
485 3277 513 3323 et
536 3269 685 3338 singulares
708 3269 790 3323 libros
816 3269 934 3323 virorum
952 3267 1105 3335 doctorum,
1124 3272 1207 3321 testes

210 3339 326 3393 excitare
344 3336 413 3391 nibil
430 3338 534 3392 attinet.

281 3425 318 3494 ²⁵)
346 3422 416 3478 Vide
434 3438 500 3491 prae
517 3424 616 3478 ceteris
633 3421 791 3477 Eichhornii
809 3421 910 3478 Introd.
938 3422 966 3476 in
983 3420 1016 3474 V.
1044 3420 1118 3475 Test.
1140 3420 1171 3474 T.
1184 3421 1206 3475 Ι.

210 3493 487 3560 pffisspffl

273 3581 310 3644 2⁸)
328 3577 390 3632 VII.
409 3583 476 3632 extr.
495 3578 523 3631 in
539 3577 653 3632 historia
670 3576 818 3643 Demarati,
835 3576 907 3643 regis
926 3574 1126 3643 Spartanorum.
1154 3572 1207 3626 Sed

211 3645 272 3702 illud
295 3647 334 3702 ibi
360 3661 415 3701 non
438 3644 517 3700 affert
535 3653 565 3700 ut
582 3661 688 3699 novum.
726 3644 822 3698 Geram
839 3652 930 3698 autem
948 3643 1029 3696 etiam
1046 3642 1075 3695 in
1092 3640 1207 3708 pellibus

211 3715 354 3771 adhibitam
372 3728 431 3768 esse
449 3714 590 3784 aprriis,
609 3713 745 3781 ingeniose
763 3711 878 3768 coniecit
888 3710 1040 3766 Hemsterh.
1058 3708 1093 3762 ad
1106 3708 1206 3763 Polluc.

212 3781 241 3837 X.
256 3800 281 3853 p.
302 3787 378 3840 1214.
