3034 4434
723 567 902 620 ..13-

311 717 405 776 adhuc
418 717 529 775 collatis
544 714 629 773 codd.
643 719 763 787 praeter
773 714 898 773 Vindob.
914 713 1028 774 CXVII.
1044 721 1082 787 et,
1102 716 1181 787 quod
1194 717 1318 775 maxime

310 795 426 865 mirere,
447 793 478 850 in
497 793 561 865 ipso
575 791 688 850 Veneto
708 791 830 849 offertur
851 791 913 849 sine
932 792 1025 850 obelo.
1045 792 1120 850 Nam
1133 795 1317 867 sententiam,

312 887 369 942 qua
389 885 421 928 se
433 869 608 940 Polydamas
623 884 688 926 cnm
701 867 828 926 Hectore
844 875 1001 941 comparat,
1022 869 1078 928 isto
1099 886 1185 928 versu
1198 870 1318 944 illepide

312 947 391 1005 ultra
410 946 590 1020 propositum
610 944 697 1016 trahi,
717 943 803 1003 facile
817 945 935 1002 sentias.
957 945 998 1003 At
1009 946 1107 1017 paullo
1121 946 1260 1005 disertior
1270 952 1319 1006 est

311 1039 514 1096 nonnunquam
526 1022 670 1081 Homerus
690 1037 777 1093 quam
792 1023 937 1080 sententia
950 1022 1088 1095 postulat,
1108 1039 1204 1094 neque
1218 1021 1269 1082 ille
1283 1040 1319 1082 ex

311 1099 426 1172 frigidis
447 1100 556 1172 regulis
577 1099 737 1171 castigatae
758 1099 942 1169 eloquentiae
964 1098 1134 1158 iudicandus
1155 1107 1209 1158 est.
1243 1100 1319 1172 Quid

312 1178 423 1236 multa?
449 1176 573 1235 Versum
593 1175 765 1233 Eustathius
786 1192 838 1234 suo
860 1175 923 1234 loco
944 1177 1166 1248 praetermittit3
1196 1193 1264 1235 mox
1284 1193 1318 1235 ex

313 1254 525 1314 commentariis
545 1258 676 1311 veterum
695 1257 811 1323 narrat,
839 1249 1011 1310 fabricatum
1036 1269 1100 1310 esse
1126 1270 1144 1311 a
1168 1253 1317 1313 Zenodoto

312 1331 443 1389 Mallote.
485 1330 543 1388 Cur
566 1345 635 1402 ergo
655 1329 722 1387 huic
741 1328 839 1386 versui
860 1329 925 1401 plns
946 1330 1127 1387 auctoritatis
1147 1329 1317 1403 tribuamus,
1345 1358 1347 1362 ⁷

312 1424 397 1479 qnam
424 1407 467 1465 illi
488 1406 669 1466 Dioscoridis
688 1406 856 1477 Isocratici,
887 1421 972 1476 quem
991 1404 1158 1464 Athenaeus
1178 1407 1200 1464 Ι.
1223 1425 1251 1480 p.
1274 1414 1317 1465 11.

312 1484 347 1542 A.
369 1484 468 1558 affert,
494 1490 590 1558 poste
612 1489 695 1556 119.,
716 1483 764 1541 vel
783 1482 949 1553 ubieunque
974 1484 1113 1554 assuetis,
1138 1483 1318 1544 incommodo

313 1567 344 1619 et
362 1563 471 1635 inepto,

276 1685 300 1723 31
476 1648 510 1712 ”H
518 1649 732 1731 οἴνῳ-μεθύων,
752 1648 817 1730 W
839 1647 969 1730 ἔβλαψαν
989 1653 1052 1711 θεοὶ
1072 1650 1161 1726 αὐτοί,

314 1755 365 1810 aut
385 1749 511 1810 Cratetis
530 1748 597 1807 huic
626 1748 703 1821 apud
722 1748 909 1806 Plutarchum
930 1749 967 1807 de
986 1748 1056 1807 Fac.
1076 1749 1106 1805 in
1125 1748 1196 1807 orbe
1216 1749 1318 1808 Lunae

203 1870 216 1923 ὁ
315 1845 334 1901 p
355 1834 419 1886 938.
440 1826 487 1897 D,
509 1832 577 1898 post
604 1822 628 1893 ξ.
644 1831 708 1882 246.
730 1824 855 1893 adiecto,

200 1904 204 1915 ¹
442 1916 581 1996 Ἀνδράσιν
600 1915 653 1994 ἠδὲ
674 1915 769 1982 θεοῖς·
789 1917 920 1995 alachi-pv
941 1914 987 1975 ἐπὶ
1007 1922 1088 1995 γαῖαν
1108 1915 1189 1996 ἵησιν,

315 2020 366 2073 aut
385 2012 525 2072 similibus
549 2011 627 2084 apud
647 2011 720 2070 alios
741 2013 939 2071 conservatis?

790 2222 838 2302 X.

392 2360 479 2420 Haud
489 2363 548 2421 scio
562 2379 599 2420 an
613 2362 657 2420 his
671 2361 854 2434 vulgatarmn
866 2361 1023 2421 lectionum
1038 2366 1067 2419 et
1081 2362 1211 2422 sordium
1226 2381 1319 2423 exem·

315 2440 371 2513 plis
394 2440 573 2511 aliquantum
593 2439 629 2497 de
648 2439 759 2513 vulgati
782 2444 880 2497 textus
902 2440 997 2511 gratia
1011 2439 1089 2512 apud
1101 2440 1231 2499 homines
1245 2441 1319 2499 recti

316 2517 417 2575 iudicii
436 2516 620 2575 detraxerim.
654 2516 802 2589 Exemplis
822 2521 903 2574 certe
924 2516 979 2574 hac
997 2517 1028 2572 in
1048 2532 1080 2573 re
1100 2516 1164 2588 plus
1187 2515 1319 2589 efficitur,

317 2611 402 2664 quam
422 2595 467 2665 he,
489 2610 563 2664 quae
585 2593 621 2651 de
644 2610 679 2651 ea
699 2593 869 2666 gravissime
884 2608 973 2666 saepe
986 2593 1016 2650 in
1030 2592 1194 2650 uuiversum
1203 2610 1321 2653 monue-

316 2677 384 2728 rimt
404 2670 460 2726 viri
481 2670 648 2728 doctissimi.
670 2669 793 2728 Probari
812 2670 871 2726 ista
891 2669 996 2740 solent,
1017 2668 1085 2726 dum
1097 2669 1250 2741 leguntur3
1270 2671 1321 2729 ubi

317 2746 436 2804 adrem
457 2752 641 2818 praesentem
661 2751 778 2803 ventum
799 2751 852 2817 est,
874 2746 951 2804 redit
970 2747 1048 2803 iners
1069 2744 1246 2818 superstitio.
1281 2749 1321 2806 Et

317 2824 347 2878 in
365 2821 492 2880 Homero
508 2821 624 2892 quidem
644 2837 680 2878 ea
698 2823 867 2894 superstitio
887 2839 1006 2894 magnos
1021 2828 1158 2895 patronos
1176 2822 1266 2882 hahet
1279 2825 1320 2881 in·

318 2905 364 2955 ter
383 2898 462 2970 ipsos
483 2904 606 2969 veteres,
629 2914 664 2956 ex
684 2898 872 2969 quibusunus
892 2915 964 2971 prae
980 2899 1084 2957 ceteris
1098 2900 1265 2971 ingeniosus
1277 2908 1322 2959 est

317 2973 504 3045 Lucienus4).
543 2975 572 3032 Is
594 2980 710 3047 poetam
730 2975 825 3048 ipsum
845 2975 925 3047 apud
945 2973 1052 3034 inferos
1072 2977 1284 3049 interrogatum
1303 2994 1321 3035 a

318 3068 350 3108 se
371 3050 407 3107 de
427 3051 463 3107 iis
477 3051 617 3124 versibus,
638 3052 688 3123 qui
707 3051 883 3109 subditieiia
897 3051 1012 3110 Oriticis
1024 3052 1209 3124 haberentur,
1230 3052 1322 3114 refert

320 3128 489 3200 simpliciter
506 3128 700 3201 respondisse,
721 3148 812 3184 omnes
832 3149 896 3184 suos
915 3148 978 3185 esse.
1007 3129 1069 3200 Quo
1089 3145 1228 3202 responso
1249 3137 1321 3188 tam-

320 3205 376 3262 etsi
400 3204 593 3277 perhumanus
620 3222 707 3263 senex
730 3205 868 3265 nonnisi
896 3221 945 3264 eos
972 3221 1072 3263 versus
1097 3207 1249 3278 agnovisse
1269 3225 1321 3281 pu-

319 3279 425 3338 tandus
447 3286 499 3352 est,
521 3298 595 3352 quae
616 3288 683 3340 ante
703 3283 758 3342 hoc
778 3299 861 3340 suum
882 3298 947 3340 cum
960 3281 1090 3341 Luciano
1104 3282 1277 3354 conoquium
1292 3285 1321 3341 in

319 3356 449 3415 ordinem
468 3360 581 3432 recepti
602 3366 712 3430 essent,
737 3361 783 3418 uti
801 3357 999 3418 Zenodoteum
1018 3358 1112 3430 illum,
1139 3376 1224 3430 quem
1244 3360 1320 3418 idem

319 3432 464 3491 Lucianus
490 3451 552 3494 non
572 3435 692 3495 obscure
713 3436 818 3510 probat
837 3437 867 3493 in
887 3435 944 3494 alio
964 3435 1106 3507 libello⁵):
1147 3443 1244 3494 tamen
1264 3453 1320 3496 non

282 3534 307 3574 aa
320 3510 458 3582 videmus,
480 3528 569 3582 quare
589 3530 646 3571 non
659 3514 762 3572 eadem
776 3513 885 3585 optima
898 3511 1072 3570 auctoritate
1084 3512 1211 3583 reliquas
1223 3529 1319 3571 omnes

321 3586 480 3644 alienarum
504 3604 639 3648 manuum
666 3590 845 3649 adiectiones
872 3594 901 3646 et
926 3587 1006 3646 lusus
1033 3596 1063 3647 et
1089 3589 1159 3647 vitia
1179 3595 1318 3660 tueamur,

390 3783 414 3849 4)
431 3781 518 3837 Verae
535 3783 605 3838 Hist.
623 3784 668 3852 11,
686 3787 727 3837 20.
745 3799 772 3851 p.
793 3783 850 3835 117.
894 3781 919 3845 ⁵)
935 3779 977 3832 De
995 3779 1089 3835 Saltat.
1107 3785 1149 3836 23.
1167 3798 1195 3849 p.
1213 3787 1272 3838 282.
