3034 4434
628 540 806 595 -1aa-

226 685 445 748 eommoditatam
458 688 667 747 sententiarum
677 685 811 748 ferendos
822 703 978 748 censerem.
991 686 1145 750 Difficilior
1157 688 1215 748 erit

180 764 184 771 “
225 763 342 824 defensio
362 764 503 824 audaciae
522 770 640 825 nostrae
659 765 688 823 h.
703 780 728 823 o.
742 763 950 825 Aristarcheae
962 766 992 824 iu
1003 787 1034 843 μ.
1051 769 1211 826 llo-181.

222 847 315 901 mnus
332 841 432 913 Pium,
457 842 507 914 qui
535 841 672 901 nonnulla
690 841 765 899 bene
785 841 923 915 opponit,
953 850 1162 916 nequetamen
1182 842 1213 902 ld

221 917 309 992 efficit,
328 924 362 977 ut
380 918 445 977 istis
465 919 595 978 versibus
616 919 681 991 plus
702 917 770 976 fidei
789 918 947 977 habeamus
967 935 1053 992 quam
1072 918 1212 979 similibus

217 995 268 1055 illis
288 1014 316 1053 σ.
327 994 514 1067 356.sqq.⁶1).
543 994 628 1054 Aliae
648 991 805 1071 ἀθετήσεις
824 996 886 1054 eius
906 996 1061 1056 traduntur
1079 1013 1214 1056 vemuum

158 1106 160 1111 ·
216 1069 239 1128 d.
260 1075 324 1133 11⁷.
350 1069 375 1140 ξ.
397 1078 463 1132 500.
489 1091 516 1129 o.
536 1077 699 1131 449-451.
721 1078 751 1130 et
773 1073 838 1131 712.
858 1090 886 1129 σ.
907 1078 1069 1134 444-456.
1090 1095 1125 1131 ω.
1147 1080 1212 1133 556.

158 1158 160 1163 “
216 1150 276 1208 iti.
316 1149 598 1221 Deniquenotabile
618 1154 665 1207 est
684 1149 845 1223 inprimis,
866 1149 1213 1221 quodmiranturGram·

213 1225 311 1285 matiei
330 1225 415 1302 adp.
438 1227 523 1298 1η,
552 1226 628 1283 hunc
648 1241 762 1284 versum
782 1225 819 1284 ab
850 1226 901 1285 illo
930 1225 992 1284 sine
1022 1233 1091 1287 nota
1104 1296 1106 1299 ¹
1120 1233 1213 1286 trans·

213 1303 329 1362 missum
350 1319 428 1375 ease,
455 1317 542 1374 quum
567 1303 652 1374 talia,
678 1318 753 1375 quae
777 1303 836 1360 vim
863 1304 1027 1362 sententiae
1051 1305 1214 1362 minuerent

214 1378 423 1452 restringendo,
444 1379 535 1438 obelis
556 1379 673 1452 signare
686 1377 918 1449 conseevieeetii).
953 1380 1016 1451 Quo
1029 1396 1085 1438 uno
1101 1397 1136 1438 ex
1149 1381 1213 1440 loce

212 1457 282 1514 setis
303 1462 469 1530 appareret,
490 1457 604 1514 etiamsi
624 1457 715 1514 ceteri
735 1472 834 1515 ornnes
849 1455 993 1528 deessent,
1013 1455 1213 1515 Aristarchum

212 1533 301 1593 multo
320 1535 406 1607 plura
425 1530 581 1611 ἀθετῆσαι,
606 1548 692 1605 quam
717 1533 821 1605 quibus
842 1549 945 1592 nomen
966 1534 1027 1591 eius
1048 1535 1213 1606 appositum

211 1615 263 1668 est.
297 1610 395 1682 Atque
414 1610 444 1666 in
455 1609 587 1682 Odyssea
607 1610 721 1682 quidem
736 1626 793 1667 non
806 1610 922 1667 memini
935 1609 992 1668 nisi
1006 1610 1090 1668 unius
1101 1626 1211 1683 versus,

212 1685 247 1744 ab
269 1703 304 1746 eo
324 1687 493 1746 nominatim
518 1683 729 1762 ἀθετουμένοιι,
753 1683 784 1759 β.
808 1688 887 1758 137.,
908 1702 993 1758 quem
1014 1693 1092 1744 certe
1114 1687 1213 1746 dumor

212 1764 323 1838 ellipsis
344 1763 427 1840 verbi
444 1763 618 1821 substantivi
636 1779 739 1836 parum
761 1760 908 1821 defendat.
948 1763 1031 1822 Haec
1051 1764 1126 1821 enim
1146 1764 1212 1837 ipsa

212 1840 442 1914 interpolationis
462 1856 550 1898 causa
571 1855 635 1898 esse
655 1840 758 1912 potuit,
780 1846 812 1897 ut
830 1839 864 1897 Il.
885 1860 911 1918 η.
926 1847 992 1899 353.
1014 1860 1031 1896 ι.
1046 1847 1111 1899 416.
1133 1841 1212 1898 etin

158 1923 162 1933 '
213 1917 274 1975 aliis
295 1917 436 1975 versibus.
471 1916 607 1976 Ceterum
627 1917 714 1974 etiam
734 1916 850 1975 obelum
869 1918 967 1991 posuit
986 1933 1051 1976 eum
1072 1918 1212 1976 asterisco

213 1994 401 2066 coniunctum,
422 1994 571 2066 duplicata
585 1999 654 2052 nota
667 1992 840 2067 significans,
859 2011 912 2054 suo
923 1993 1039 2066 quidem
1052 1995 1115 2053 loco
1130 2010 1212 2067 egre·

214 2071 289 2141 pum
315 2086 430 2129 versum
455 2087 519 2129 esse
544 2069 597 2128 sed
625 2070 720 2130 alieno
744 2072 807 2130 loeo
831 2072 925 2130 minus
945 2079 1026 2131 reete
1046 2072 1210 2145 repetitum.

215 2146 303 2218 Quam
325 2147 361 2206 ob
383 2163 499 2206 oausam
518 2148 625 2220 partim
647 2150 682 2205 27
697 2163 797 2206 versus
817 2168 846 2204 α.
862 2156 995 2222 eeasqq.
1017 2166 1070 2222 pro
1084 2151 1211 2222 interpo-
1224 2172 1262 2214 m

213 2223 278 2282 latis
298 2224 392 2282 habiti
412 2228 492 2295 sunt,
513 2240 666 2297 perperam
687 2240 756 2282 sane
777 2225 829 2296 illi,
855 2232 888 2284 ut
908 2226 958 2283 alii
979 2223 1062 2284 multi
1083 2225 1212 2284 eiusdem

214 2307 306 2360 notae.
346 2301 450 2373 Neque
469 2307 567 2359 tamen
588 2300 706 2358 dubium
727 2306 781 2372 est,
802 2303 871 2372 quin
892 2302 1049 2360 similitudo
1070 2301 1212 2373 quaedam

214 2377 339 2438 locorum
359 2378 503 2436 interdum
523 2377 703 2436 occasionem
724 2376 839 2435 dederit
851 2378 981 2436 versibus
993 2379 1092 2451 inepte
1105 2379 1212 2437 iteran-

215 2453 265 2513 dis.
314 2454 372 2513 Sed
399 2454 435 2513 de
460 2455 504 2512 his
534 2455 656 2525 aliisque
682 2452 848 2526 diligentius
873 2454 1028 2528 disputabo
1054 2456 1083 2511 in
1116 2455 1211 2513 altera

213 2538 295 2604 parte
325 2531 409 2590 huius
428 2530 510 2604 libri,
535 2533 565 2589 in
590 2547 648 2603 qua
668 2531 734 2588 unci
754 2530 824 2589 mihi
844 2532 901 2590 mei
922 2529 1097 2589 defendendi
1117 2535 1210 2588 erunt.

682 2744 742 2823 LI.

286 2915 372 2973 Nunc
395 2914 477 2974 nobis
498 2932 571 2973 unus
590 2922 685 2974 restat
704 2931 720 2974 e
742 2914 857 2974 Oriticis
877 2914 1082 2983 nobilioribuS‚
1108 2915 1210 2974 Grates

212 2988 357 3063 Mallotes,
378 2992 427 3063 qui
447 3009 465 3050 a
478 2992 618 3065 singulari
631 2992 727 3052 studio
741 2998 848 3066 poetae
861 2993 1032 3052 Homericus
1046 2990 1140 3051 dictus
1156 2997 1209 3065 est,

212 3067 373 3127 Aristarchi
386 3067 464 3127 idem
478 3070 608 3128 aemulus
623 3075 652 3128 et
666 3069 850 3128 adversarius
861 3067 1070 3141 acerrimusffi).
1090 3069 1119 3127 Is
1129 3070 1211 3129 seho-
1238 3089 1240 3095 ·

278 3250 316 3306 ⁶¹)
335 3247 404 3301 Vide
423 3264 505 3316 supra
522 3262 565 3316 cp.
583 3247 668 3302 XXX.

278 3334 314 3403 6⁹)
333 3331 474 3398 Μεμείωιε
504 3335 553 3404 τὴν
584 3334 709 3401 ἔμφασιν.
745 3329 814 3386 Καὶ
843 3332 882 3384 τὰ
911 3337 1056 3387 τοιαῦτα
1086 3330 1209 3386 εἴωθεν

211 3402 359 3455 ἀθετεῖν
378 3405 393 3455 d
412 3403 638 3473 Ἀρίσταρχος.

278 3488 315 3554 ⁶³)
333 3487 510 3543 Suidasvoce.
523 3482 551 3539 K
568 3487 586 3538 ά
620 3505 634 3546 ς
651 3492 679 3540 et
691 3486 817 3557 Ἆρίσταρ
836 3505 872 3547 ις.
900 3487 949 3541 Illo
968 3487 1028 3541 loco
1045 3487 1071 3540 ei
1083 3484 1211 3539 tribuitur

212 3557 357 3625 διόρθωσις
379 3554 487 3614 Ἰλιάδος
511 3506 566 3606 aas
576 3505 729 3634 ’θᾞυσσείας
751 3557 781 3606 ἐν
805 3505 926 3622 βιβλίοις
942 3552 980 3622 d',
1004 3553 1049 3607 καὶ
1067 3550 1146 3631 ἄλλα..
1177 3553 1210 3605 ln

210 3626 253 3678 hie
270 3622 359 3684 ἄλλοις
376 3624 499 3691 luerunt,
523 3631 554 3676 ut
571 3639 681 3691 opinor,
704 3624 784 3692 plura
806 3623 841 3678 ad
857 3623 998 3679 historiam
1016 3629 1044 3674 et
1061 3620 1211 3675 doetrmam

230 3699 352 3747 ottanum
370 3691 541 3760 pertinentia,
566 3700 594 3744 et
612 3707 681 3761 opus
698 3692 827 3763 περὶτῆς
844 3693 957 3761 Ἀττικῆς
973 3689 1112 3743 διαλέκτου
1129 3704 1150 3744 s.
1169 3689 1211 3742 λε’·

210 3709 288 3829 ἕως,
304 3760 380 3815 cuius
398 3759 521 3829 quintum
538 3758 635 3813 librum
653 3760 754 3816 excitat
771 3760 870 3816 Athen.
888 3761 936 3815 XI.
953 3776 980 3827 p.
997 3760 1057 3813 497.
1075 3757 1107 3813 F.
