3034 4434
729 585 910 639 ..140-

319 736 449 811 plerique
460 733 658 803 Grammatici,
678 738 771 792 artem
791 731 928 791 docentes
941 730 1137 792 Alexandriae
1159 738 1190 791 et
1203 732 1327 802 Romae,

320 815 350 870 in
374 811 477 882 quibus
508 811 545 869 ad
565 809 678 868 XXXX
705 815 789 868 erant
814 808 938 882 profecti
959 808 994 867 ab
1014 811 1107 882 ipsius
1128 808 1324 882 disciplina4),

269 905 308 946 aaa
321 890 427 960 aliique
442 888 478 946 ab
492 886 686 945 Aristarcheis
700 887 826 945 instituti
840 886 916 944 huno
929 885 1126 959 Pythagorica
1138 886 1267 959 quadam
1279 904 1326 944 su·

319 966 489 1040 perstitiona
510 981 566 1023 uno
587 979 637 1022 ore
657 964 736 1022 velut
750 964 836 1022 deum
851 980 934 1020 suum
948 963 1086 1037 colerent,
1107 971 1140 1022 ut
1153 962 1326 1037 profiteren-

319 1049 367 1100 tur
385 1042 481 1113 etiam,
502 1042 588 1099 malle
608 1057 639 1099 se
662 1057 697 1099 eo
718 1040 792 1099 duce
806 1056 905 1098 errare
918 1041 1014 1112 potins
1028 1057 1115 1112 qnam
1130 1057 1200 1100 vere
1214 1041 1325 1099 sentire

320 1135 384 1177 cum
405 1118 549 1191 ceterisll,
570 1116 781 1193 paullatimad
801 1133 850 1176 eos
871 1132 979 1189 omnes,
1001 1119 1050 1190 qui
1070 1118 1185 1177 scholas
1206 1117 1322 1176 illorum

318 1193 550 1267 frequentabant,
570 1195 732 1267 studiisque
751 1195 915 1252 litterarum
936 1199 966 1252 et
984 1195 1080 1267 poet-is
1093 1194 1324 1268 interpretandis

318 1273 445 1344 aliquam
465 1279 577 1346 partem
598 1273 703 1330 aetatis
716 1269 931 1344 impertiebant,
953 1271 995 1336 (id
1009 1278 1107 1331 autem
1118 1288 1173 1346 per
1186 1273 1246 1330 ista
1260 1288 1323 1330 sae·

319 1350 384 1408 cula
403 1350 562 1408 liberaliter
583 1348 750 1407 educandus
772 1349 893 1420 quisque
912 1345 1060 1419 faciebat)
1080 1350 1184 1422 ingens
1204 1349 1261 1406 viri
1281 1348 1324 1406 di·

317 1428 445 1485 manavit
465 1427 647 1498 existimatio,
678 1440 839 1497 nomenque
860 1424 1070 1496 quodammodo
1090 1426 1258 1484 traductum
1280 1431 1325 1484 est

317 1503 348 1561 in
360 1504 454 1577 ipsam
468 1508 559 1563 artem
574 1502 808 1577 explicandorum
823 1507 853 1560 et
863 1502 1097 1573 castigandorum
1108 1502 1323 1575 scriptorum⁶).

317 1581 364 1640 Ita
376 1579 484 1641 factum
496 1587 541 1640 est
554 1580 687 1652 denique,
707 1585 748 1651 ut,
761 1579 890 1651 quamvis
904 1579 992 1636 vitam
1003 1585 1033 1636 et
1044 1580 1135 1639 libros
1150 1581 1212 1638 eius
1227 1580 1320 1638 multo

317 1658 410 1716 minus
431 1675 517 1731 quam
537 1657 740 1730 Aristophanis
761 1657 897 1727 norimus,
918 1655 982 1726 ipse
1001 1655 1147 1728 hodieque
1167 1657 1198 1714 in
1217 1657 1322 1728 vulgus

268 1745 306 1788 aaa
319 1735 460 1794 celebrior
484 1737 523 1794 sit
548 1740 578 1792 et
596 1732 794 1806 Aristophane
822 1739 852 1790 et
871 1731 992 1803 reliquis
1012 1733 1158 1805 omnibus,
1183 1733 1234 1806 qui
1255 1732 1323 1793 olim

318 1812 348 1870 in
366 1813 422 1871 hoo
440 1813 556 1870 minime
576 1812 683 1869 illustri
703 1826 811 1882 genere
831 1808 981 1881 doctrinae
1002 1810 1230 1881 elaboraruntl).

384 1989 408 2055 4)
426 1983 576 2040 Paucorum
593 1991 721 2040 accurata
736 1985 867 2040 memoria
885 1990 982 2053 exstat,
1006 1986 1195 2041 nonnullorum
1212 1986 1252 2041 nil
1269 1987 1322 2040 nisi

317 2054 431 2111 obscura
442 2055 557 2121 nomina,
568 2054 640 2122 apud
649 2053 759 2109 Suidam
770 2055 877 2122 prodita
889 2055 997 2122 passim,
1006 2061 1037 2108 nt
1048 2055 1142 2123 Aperi,
1158 2055 1322 2110 Dicaearchi

316 2122 524 2178 Lacedaemonii
542 2130 592 2176 etc.
628 2122 739 2190 Eorum,
776 2123 805 2176 ui
823 2122 924 2191 aliquid
942 2122 976 2177 ad
988 2124 1136 2177 Homerum
1148 2124 1322 2203 commentati

317 2197 391 2256 aunt,
415 2190 528 2269 posthac
551 2191 651 2245 mentio
675 2189 729 2244 fiet.
792 2191 817 2245 ic
836 2198 864 2244 et
881 2191 946 2244 alibi
963 2191 1042 2245 valde
1060 2190 1246 2245 desideramus
1264 2191 1311 2245 duh

316 2259 464 2329 gentissrmi
481 2259 564 2312 lonsii
581 2259 741 2327 promissum
760 2274 828 2327 opus
846 2259 879 2313 de
897 2259 1085 2314 Grammaticis
1102 2259 1148 2314 Gr.

384 2347 407 2409 ⁵)
430 2345 474 2412 Ap
495 2351 553 2398 aret
569 2345 622 2399 hoc
644 2361 679 2398 ex
702 2345 794 2399 multis
816 2345 883 2400 locis
905 2345 1086 2414 Scholiorum,
1114 2347 1142 2400 in
1166 2346 1266 2414 quibus
1292 2348 1321 2401 hi

315 2413 430 2468 maxime
449 2417 472 2467 ri
493 2413 555 2467 'culi
573 2419 647 2483 sunt,
677 2414 712 2467 ad
729 2415 758 2480 β.
776 2418 835 2468 316.
870 2411 982 2484 Ἐπειδὴ
1004 2415 1092 2474 οὕτως
1109 2415 1186 2466 δοκεῖ
1199 2421 1240 2486 τῷ
1258 2416 1320 2486 Ἀρι·

316 2483 437 2554 ατάμχῳ,
461 2484 616 2545 πειθόμεθα
634 2484 717 2566 αὐτῷ,
743 2484 782 2542 ὡς
806 2483 878 2566 advo
902 2484 1009 2553 ἀρίστῳ
1025 2481 1215 2571 spondaeum,
1239 2490 1268 2538 et
1285 2483 1321 2568 ad

317 2549 709 2689 guffiff'dgfflogefffmw
731 2550 906 2621 Ἀρισταμχῳ
929 2553 946 2621 ἢ
976 2553 1016 2621 τῷ
1048 2549 1191 2623 Ερματιᾳ,
1218 2554 1250 2605 εἰ
1267 2571 1321 2605 και

383 2707 407 2769 6)
424 2705 547 2760 Eximiae
571 2707 604 2760 de
628 2706 785 2760 Aristarcho
807 2704 902 2759 laudes
924 2710 986 2759 aunt
1011 2704 1132 2773 aequalis
1155 2704 1319 2774 philosophi,

315 2773 446 2839 Panaetii,
464 2790 509 2841 ap.
525 2776 625 2828 Athen.
643 2773 715 2828 XIV.
733 2790 759 2841 p.
773 2777 831 2828 634.
845 2774 872 2828 0.
891 2774 1013 2828 vocantis
1029 2773 1104 2826 illum
1115 2775 1258 2842 μάντιν,
1277 2776 1320 2826 διὰ

316 2841 359 2893 τὸ-
373 2841 475 2910 ῥᾳδίως
502 2844 761 2906 καταμαντεύεσθαι
788 2844 838 2903 τὰς
863 2846 917 2894 τῶν
944 2844 1101 2912 ποιημάτων
1130 2843 1262 2908 διανοίας,
1292 2853 1320 2897 et

316 2907 391 2961 Sexti
403 2908 505 2976 Empir.
519 2925 540 2963 c.
553 2911 639 2964 Math.
652 2911 699 2978 IX,
719 2915 770 2965 110
790 2911 837 2980 qui
849 2926 910 2963 eum
922 2910 1029 2964 Platoni
1039 2910 1207 2978 aliarumque
1220 2911 1318 2966 artium

316 2977 425 3029 summis
442 2977 556 3044 ingeniis
574 2987 719 3046 comparat.
754 2979 883 3034 Noticres
894 2979 948 3032 loci
959 2985 1022 3032 sunt
1032 2978 1202 3044 Latinorum,
1219 2980 1249 3032 in
1266 2979 1318 3048 pri·

315 3043 365 3097 mis
382 3045 489 3097 Horatii
506 3047 567 3099 Art.
584 3053 656 3115 poet.
675 3051 733 3101 450.
754 3047 891 3101 Ciceronis
908 3047 978 3114 Epp.
998 3045 1034 3100 ad
1050 3048 1108 3100 Att.
1127 3048 1149 3114 I,
1162 3046 1210 3101 '14.

323 3132 325 3136 “
383 3131 406 3194 7)
425 3129 480 3183 Gur
503 3131 704 3199 grammaticam
728 3132 876 3187 doctrinam
899 3135 1002 3185 minime
1025 3134 1150 3185 illustrem
1174 3132 1315 3200 appellem,

315 3196 399 3266 probe
411 3197 569 3267 intelligent,
588 3199 684 3268 quibus
702 3200 881 3269 antiquarum,
899 3201 1059 3268 praesertim
1077 3201 1233 3269 liberarum,
1257 3202 1318 3255 civi·

315 3271 402 3318 tatum
424 3282 513 3320 mores
537 3272 565 3320 ct
591 3268 681 3348 studia
704 3270 812 3336 cognita
835 3273 904 3322 sunt.
952 3269 993 3323 De
1012 3268 1109 3337 quibus
1126 3269 1210 3324 verbo
1227 3268 1317 3349 monui

315 3334 559 3481 lllthffdah
572 3335 1098 3472 dtthllltdllllhlllltlll?
1106 3343 1318 3475 lethatii*

315 3475 369 3524 tiae
382 3476 410 3524 et
422 3471 531 3525 honoris
541 3470 660 3525 habebat
671 3473 699 3526 in
710 3473 814 3541 vulgus.
844 3474 941 3541 Itaque
958 3475 1001 3527 uel
1014 3474 1216 3528 utilissimarum
1228 3490 1317 3529 rernm

315 3539 404 3608 periti,
423 3539 592 3602 Geometrae,
605 3541 768 3608 Astronomi,
783 3541 892 3609 Medici,
905 3541 1079 3596 Grammatioi
1089 3547 1117 3596 et
1126 3541 1221 3597 critici
1231 3557 1317 3611 paene

316 3608 556 3662 contemnebantur
577 3624 642 3676 prae
661 3608 775 3663 Oratore
798 3616 826 3662 et
843 3625 933 3663 rerum
952 3610 1069 3665 civilium
1086 3608 1236 3678 prudente:
1261 3612 1317 3679 ipse

315 3675 492 3731 Archimedes
515 3678 618 3729 tamdia
641 3677 809 3729 domunculas
832 3683 874 3731 est
901 3679 938 3732 ad
953 3678 1093 3734 Platonem
1113 3686 1142 3732 ct
1160 3680 1316 3748 Archytam.

316 3741 474 3812 Quanquam
491 3744 577 3799 fastus
593 3745 639 3800 hic
656 3750 698 3800 est
715 3744 905 3814 Romanomm,
924 3747 971 3814 qni
988 3749 1083 3816 magis,
1119 3763 1182 3801 uam
1200 3763 1316 3816 unquam

314 3809 410 3866 Graeci
427 3812 559 3884 lecerunt,
577 3813 700 3870 liberalia
717 3812 807 3867 studia
824 3813 859 3868 ad
870 3814 996 3869 lucellum
1010 3815 1115 3885 reipub
1127 3815 1184 3870 'cac
1193 3822 1223 3870 et
1233 3831 1317 3886 popu·
