<?xml version="1.0" encoding="UTF-8"?>
<!DOCTYPE html PUBLIC "-//W3C//DTD XHTML 1.0 Transitional//EN"
    "http://www.w3.org/TR/xhtml1/DTD/xhtml1-transitional.dtd">
<html xmlns="http://www.w3.org/1999/xhtml" xml:lang="en" lang="en">
 <head>
  <title>
</title>
<meta http-equiv="Content-Type" content="text/html;charset=utf-8" />
  <meta name='ocr-system' content='tesseract 3.04.00' />
  <meta name='ocr-capabilities' content='ocr_page ocr_carea ocr_par ocr_line ocrx_word'/>
</head>
<body>
  <div class='ocr_page' id='page_1' title='image "./prolegomenaadho00wolfgoog/prolegomenaadho00wolfgoog_0106.png"; bbox 0 0 3034 4434; ppageno 0'>
   <div class='ocr_carea' id='block_1_1' title="bbox 724 486 902 540">
    <p class='ocr_par' dir='ltr' id='par_1_1' title="bbox 724 486 902 540">
     <span class='ocr_line' id='line_1_1' title="bbox 724 486 902 540; baseline -0.006 -18"><span class='ocrx_word' id='word_1_1' title='bbox 724 486 902 540; x_wconf 70' lang='grc'>..86-</span> 
     </span>
    </p>
   </div>
   <div class='ocr_carea' id='block_1_2' title="bbox 260 632 1321 3320">
    <p class='ocr_par' dir='ltr' id='par_1_2' title="bbox 311 632 1317 1172">
     <span class='ocr_line' id='line_1_2' title="bbox 313 632 1316 708; baseline 0.001 -14"><span class='ocrx_word' id='word_1_2' title='bbox 313 635 407 694; x_wconf 91' lang='lat' dir='ltr'>tinere</span> <span class='ocrx_word' id='word_1_3' title='bbox 432 639 561 708; x_wconf 86' lang='lat' dir='ltr'>possunt</span> <span class='ocrx_word' id='word_1_4' title='bbox 601 633 726 692; x_wconf 89' lang='lat' dir='ltr'>Istorum</span> <span class='ocrx_word' id='word_1_5' title='bbox 750 632 842 704; x_wconf 77' lang='lat' dir='ltr'>igion</span> <span class='ocrx_word' id='word_1_6' title='bbox 865 633 1017 693; x_wconf 88' lang='lat' dir='ltr'>verborum</span> <span class='ocrx_word' id='word_1_7' title='bbox 1043 649 1161 692; x_wconf 89' lang='lat' dir='ltr'>sensum</span> <span class='ocrx_word' id='word_1_8' title='bbox 1186 637 1316 708; x_wconf 75' lang='lat' dir='ltr'><strong>pressius</strong></span> 
     </span>
     <span class='ocr_line' id='line_1_3' title="bbox 313 709 1317 786; baseline 0.001 -15"><span class='ocrx_word' id='word_1_9' title='bbox 313 711 457 784; x_wconf 80' lang='lat' dir='ltr'>sequenti,</span> <span class='ocrx_word' id='word_1_10' title='bbox 477 717 662 782; x_wconf 90' lang='lat' dir='ltr'>veteremque</span> <span class='ocrx_word' id='word_1_11' title='bbox 681 725 791 768; x_wconf 89' lang='lat' dir='ltr'>morem</span> <span class='ocrx_word' id='word_1_12' title='bbox 809 709 1029 782; x_wconf 86' lang='lat' dir='ltr'>rhapsodorum,</span> <span class='ocrx_word' id='word_1_13' title='bbox 1050 727 1136 783; x_wconf 90' lang='lat' dir='ltr'>quem</span> <span class='ocrx_word' id='word_1_14' title='bbox 1157 729 1250 786; x_wconf 88' lang='lat' dir='ltr'>supra</span> <span class='ocrx_word' id='word_1_15' title='bbox 1268 714 1317 772; x_wconf 88' lang='lat' dir='ltr'>de·</span> 
     </span>
     <span class='ocr_line' id='line_1_4' title="bbox 313 786 1317 877; baseline 0.001 -29"><span class='ocrx_word' id='word_1_16' title='bbox 313 789 432 861; x_wconf 78' lang='lat' dir='ltr'>scripsi,</span> <span class='ocrx_word' id='word_1_17' title='bbox 457 787 637 877; x_wconf 77' lang='lat' dir='ltr'>comparanti</span> <span class='ocrx_word' id='word_1_18' title='bbox 663 786 779 845; x_wconf 86' lang='lat' dir='ltr'>videtur</span> <span class='ocrx_word' id='word_1_19' title='bbox 797 786 868 844; x_wconf 84' lang='lat' dir='ltr'>inibi</span> <span class='ocrx_word' id='word_1_20' title='bbox 888 786 976 847; x_wconf 85' lang='lat' dir='ltr'>Solon</span> <span class='ocrx_word' id='word_1_21' title='bbox 993 787 1051 847; x_wconf 90' lang='lat' dir='ltr'>hoc</span> <span class='ocrx_word' id='word_1_22' title='bbox 1070 789 1251 862; x_wconf 83' lang='lat' dir='ltr'>instituisse,</span> <span class='ocrx_word' id='word_1_23' title='bbox 1275 798 1317 863; x_wconf 91' lang='lat' dir='ltr'>ut,</span> 
     </span>
     <span class='ocr_line' id='line_1_5' title="bbox 312 863 1316 937; baseline 0.004 -15"><span class='ocrx_word' id='word_1_24' title='bbox 312 881 399 937; x_wconf 93' lang='lat' dir='ltr'>quum</span> <span class='ocrx_word' id='word_1_25' title='bbox 425 864 506 936; x_wconf 90' lang='lat' dir='ltr'>prins</span> <span class='ocrx_word' id='word_1_26' title='bbox 531 864 694 936; x_wconf 79' lang='lat' dir='ltr'>singulares</span> <span class='ocrx_word' id='word_1_27' title='bbox 719 863 894 936; x_wconf 86' lang='lat' dir='ltr'>rhapsodiae</span> <span class='ocrx_word' id='word_1_28' title='bbox 918 865 981 922; x_wconf 91' lang='lat' dir='ltr'>sine</span> <span class='ocrx_word' id='word_1_29' title='bbox 1006 865 1065 924; x_wconf 93' lang='lat' dir='ltr'>ullo</span> <span class='ocrx_word' id='word_1_30' title='bbox 1095 865 1201 925; x_wconf 90' lang='lat' dir='ltr'>ordine</span> <span class='ocrx_word' id='word_1_31' title='bbox 1220 885 1316 926; x_wconf 88' lang='lat' dir='ltr'>rerum</span> 
     </span>
     <span class='ocr_line' id='line_1_6' title="bbox 313 940 1316 1016; baseline 0.004 -17"><span class='ocrx_word' id='word_1_32' title='bbox 313 948 343 999; x_wconf 91' lang='lat' dir='ltr'>et</span> <span class='ocrx_word' id='word_1_33' title='bbox 362 948 524 1014; x_wconf 88' lang='lat' dir='ltr'>temporum</span> <span class='ocrx_word' id='word_1_34' title='bbox 544 948 726 1012; x_wconf 89' lang='lat' dir='ltr'>canerentur,</span> <span class='ocrx_word' id='word_1_35' title='bbox 746 940 837 999; x_wconf 92' lang='lat' dir='ltr'>idest</span> <span class='ocrx_word' id='word_1_36' title='bbox 856 942 938 999; x_wconf 92' lang='lat' dir='ltr'>utm</span> <span class='ocrx_word' id='word_1_37' title='bbox 957 958 1014 1000; x_wconf 92' lang='lat' dir='ltr'>uno</span> <span class='ocrx_word' id='word_1_38' title='bbox 1035 949 1180 1000; x_wconf 87' lang='lat' dir='ltr'>conventu</span> <span class='ocrx_word' id='word_1_39' title='bbox 1192 945 1316 1016; x_wconf 83' lang='lat' dir='ltr'>prImurn</span> 
     </span>
     <span class='ocr_line' id='line_1_7' title="bbox 311 985 1317 1113; baseline -0.001 -34"><span class='ocrx_word' id='word_1_40' title='bbox 311 1017 424 1093; x_wconf 86' lang='lat' dir='ltr'>UlyssIs</span> <span class='ocrx_word' id='word_1_41' title='bbox 438 1015 570 1113; x_wconf 76' lang='lat' dir='ltr'>Nc&#39;rcrpc(</span> <span class='ocrx_word' id='word_1_42' title='bbox 559 1017 676 1090; x_wconf 87' lang='lat' dir='ltr'>(Odyss</span> <span class='ocrx_word' id='word_1_43' title='bbox 693 985 789 1088; x_wconf 60' lang='grc' dir='ltr'><strong>Τίιιιιι</strong></span> <span class='ocrx_word' id='word_1_44' title='bbox 801 1013 917 1111; x_wconf 74' lang='grc' dir='ltr'><strong>Μνηστι</strong></span> <span class='ocrx_word' id='word_1_45' title='bbox 1009 1017 1038 1074; x_wconf 87' lang='grc' dir='ltr'>ία</span> <span class='ocrx_word' id='word_1_46' title='bbox 1051 1016 1114 1092; x_wconf 83' lang='grc' dir='ltr'><strong>(Χ),</strong></span> <span class='ocrx_word' id='word_1_47' title='bbox 1128 1036 1197 1078; x_wconf 86' lang='lat' dir='ltr'>mox</span> <span class='ocrx_word' id='word_1_48' title='bbox 1211 1019 1317 1078; x_wconf 82' lang='grc' dir='ltr'><strong><em>Νεκυία</em></strong></span> 
     </span>
     <span class='ocr_line' id='line_1_8' title="bbox 312 1056 1317 1185; baseline 0.003 -33.147"><span class='ocrx_word' id='word_1_49' title='bbox 312 1092 629 1185; x_wconf 72' lang='lat' dir='ltr'>s.Neaoopaarec&#39;oIA</span> <span class='ocrx_word' id='word_1_50' title='bbox 631 1099 652 1166; x_wconf 84' lang='grc'>),</span> <span class='ocrx_word' id='word_1_51' title='bbox 671 1102 733 1153; x_wconf 88' lang='lat' dir='ltr'>tum</span> <span class='ocrx_word' id='word_1_52' title='bbox 753 1091 790 1150; x_wconf 82' lang='grc' dir='ltr'>τὰ</span> <span class='ocrx_word' id='word_1_53' title='bbox 809 1089 842 1152; x_wconf 81' lang='grc' dir='ltr'>ἐν</span> <span class='ocrx_word' id='word_1_54' title='bbox 860 1056 915 1151; x_wconf 79' lang='lat' dir='ltr'>llo</span> <span class='ocrx_word' id='word_1_55' title='bbox 965 1096 1011 1153; x_wconf 88' lang='lat' dir='ltr'>vel</span> <span class='ocrx_word' id='word_1_56' title='bbox 1025 1115 1062 1152; x_wconf 85' lang='grc' dir='ltr'>τα</span> <span class='ocrx_word' id='word_1_57' title='bbox 1049 1065 1114 1153; x_wconf 81' lang='grc' dir='ltr'>ἐν</span> <span class='ocrx_word' id='word_1_58' title='bbox 1120 1095 1317 1174; x_wconf 76' lang='grc' dir='ltr'><strong>Λακεδαιμονι</strong></span> 
     </span>
    </p>

    <p class='ocr_par' dir='ltr' id='par_1_3' title="bbox 311 1118 1317 2015">
     <span class='ocr_line' id='line_1_9' title="bbox 313 1118 1316 1267; baseline 0.005 -38"><span class='ocrx_word' id='word_1_59' title='bbox 313 1169 404 1242; x_wconf 82' lang='grc' dir='ltr'><strong>(ΓΔ),</strong></span> <span class='ocrx_word' id='word_1_60' title='bbox 429 1172 556 1244; x_wconf 88' lang='lat' dir='ltr'>itemque</span> <span class='ocrx_word' id='word_1_61' title='bbox 582 1188 619 1230; x_wconf 90' lang='lat' dir='ltr'>ex</span> <span class='ocrx_word' id='word_1_62' title='bbox 637 1171 726 1231; x_wconf 88' lang='lat' dir='ltr'>Iliaco</span> <span class='ocrx_word' id='word_1_63' title='bbox 746 1171 817 1230; x_wconf 90' lang='lat' dir='ltr'>orbe</span> <span class='ocrx_word' id='word_1_64' title='bbox 836 1167 917 1248; x_wconf 70' lang='grc' dir='ltr'><strong>Αιὼν</strong></span> <span class='ocrx_word' id='word_1_65' title='bbox 926 1152 1087 1267; x_wconf 77' lang='grc' dir='ltr'><em>ἐπιτάφιος</em></span> <span class='ocrx_word' id='word_1_66' title='bbox 1106 1169 1184 1244; x_wconf 81' lang='grc' dir='ltr'><strong>(Ψ),</strong></span> <span class='ocrx_word' id='word_1_67' title='bbox 1210 1118 1316 1233; x_wconf 91' lang='lat' dir='ltr'>deinde</span> 
     </span>
     <span class='ocr_line' id='line_1_10' title="bbox 311 1244 1316 1326; baseline 0.003 -20.018"><span class='ocrx_word' id='word_1_68' title='bbox 311 1244 467 1306; x_wconf 76' lang='grc' dir='ltr'><strong>Οπλοποιια</strong></span> <span class='ocrx_word' id='word_1_69' title='bbox 480 1246 543 1321; x_wconf 83' lang='grc' dir='ltr'><strong>(Σ),</strong></span> <span class='ocrx_word' id='word_1_70' title='bbox 562 1255 624 1307; x_wconf 91' lang='lat' dir='ltr'>tum</span> <span class='ocrx_word' id='word_1_71' title='bbox 638 1245 1138 1326; x_wconf 74' lang='grc' dir='ltr'><strong>Λιται’(1)ιοιιιιιιοΛοιμόςιΑ)</strong></span> <span class='ocrx_word' id='word_1_72' title='bbox 1151 1260 1316 1323; x_wconf 87' lang='lat' dir='ltr'>caueretm,</span> 
     </span>
     <span class='ocr_line' id='line_1_11' title="bbox 312 1325 1315 1416; baseline 0.004 -33"><span class='ocrx_word' id='word_1_73' title='bbox 312 1327 355 1385; x_wconf 87' lang='lat' dir='ltr'>ita</span> <span class='ocrx_word' id='word_1_74' title='bbox 373 1332 473 1416; x_wconf 79' lang='lat' dir='ltr'>partes</span> <span class='ocrx_word' id='word_1_75' title='bbox 492 1325 736 1384; x_wconf 85' lang='lat' dir='ltr'>distribuerentur</span> <span class='ocrx_word' id='word_1_76' title='bbox 754 1325 886 1398; x_wconf 90' lang='lat' dir='ltr'>pluribus</span> <span class='ocrx_word' id='word_1_77' title='bbox 904 1325 1067 1400; x_wconf 86' lang='lat' dir='ltr'>rhapsodis,</span> <span class='ocrx_word' id='word_1_78' title='bbox 1094 1334 1128 1385; x_wconf 89' lang='lat' dir='ltr'>ut</span> <span class='ocrx_word' id='word_1_79' title='bbox 1147 1328 1205 1387; x_wconf 86' lang='lat' dir='ltr'>elio</span> <span class='ocrx_word' id='word_1_80' title='bbox 1226 1330 1315 1387; x_wconf 87' lang='lat' dir='ltr'>alium</span> 
     </span>
     <span class='ocr_line' id='line_1_12' title="bbox 313 1401 1315 1493; baseline 0.002 -32"><span class='ocrx_word' id='word_1_81' title='bbox 313 1403 474 1476; x_wconf 79' lang='lat' dir='ltr'>excipiente</span> <span class='ocrx_word' id='word_1_82' title='bbox 495 1403 632 1476; x_wconf 86' lang='lat' dir='ltr'>deinceps</span> <span class='ocrx_word' id='word_1_83' title='bbox 651 1409 795 1477; x_wconf 87' lang='lat' dir='ltr'>perpetua</span> <span class='ocrx_word' id='word_1_84' title='bbox 815 1407 845 1460; x_wconf 90' lang='lat' dir='ltr'>et</span> <span class='ocrx_word' id='word_1_85' title='bbox 863 1403 1014 1463; x_wconf 89' lang='lat' dir='ltr'>commoda</span> <span class='ocrx_word' id='word_1_86' title='bbox 1029 1401 1111 1493; x_wconf 67' lang='grc' dir='ltr'>ῥαφ)</span> <span class='ocrx_word' id='word_1_87' title='bbox 1141 1403 1315 1464; x_wconf 86' lang='lat' dir='ltr'>efficeretur.</span> 
     </span>
     <span class='ocr_line' id='line_1_13' title="bbox 311 1479 1317 1569; baseline 0.002 -31"><span class='ocrx_word' id='word_1_88' title='bbox 311 1479 510 1540; x_wconf 89' lang='lat' dir='ltr'>Memorabilis</span> <span class='ocrx_word' id='word_1_89' title='bbox 530 1479 661 1554; x_wconf 85' lang='lat' dir='ltr'>prolecto</span> <span class='ocrx_word' id='word_1_90' title='bbox 681 1480 828 1538; x_wconf 92' lang='lat' dir='ltr'>institutio</span> <span class='ocrx_word' id='word_1_91' title='bbox 848 1480 1035 1569; x_wconf 78' lang='lat' dir='ltr'>legislatoris,</span> <span class='ocrx_word' id='word_1_92' title='bbox 1062 1482 1109 1553; x_wconf 93' lang='lat' dir='ltr'>qui</span> <span class='ocrx_word' id='word_1_93' title='bbox 1131 1480 1209 1541; x_wconf 92' lang='lat' dir='ltr'>idem</span> <span class='ocrx_word' id='word_1_94' title='bbox 1229 1488 1317 1556; x_wconf 76' lang='lat' dir='ltr'>poete</span> 
     </span>
     <span class='ocr_line' id='line_1_14' title="bbox 312 1555 1316 1648; baseline 0.002 -32"><span class='ocrx_word' id='word_1_95' title='bbox 312 1555 381 1630; x_wconf 83' lang='lat' dir='ltr'>fuit,</span> <span class='ocrx_word' id='word_1_96' title='bbox 409 1558 471 1617; x_wconf 88' lang='lat' dir='ltr'>siue</span> <span class='ocrx_word' id='word_1_97' title='bbox 497 1574 555 1648; x_wconf 86' lang='lat' dir='ltr'>qua</span> <span class='ocrx_word' id='word_1_98' title='bbox 579 1555 703 1617; x_wconf 90' lang='lat' dir='ltr'>fortasse</span> <span class='ocrx_word' id='word_1_99' title='bbox 727 1557 801 1614; x_wconf 89' lang='lat' dir='ltr'>baec</span> <span class='ocrx_word' id='word_1_100' title='bbox 826 1557 922 1615; x_wconf 86' lang='lat' dir='ltr'>omnia</span> <span class='ocrx_word' id='word_1_101' title='bbox 947 1573 1004 1616; x_wconf 93' lang='lat' dir='ltr'>uon</span> <span class='ocrx_word' id='word_1_102' title='bbox 1024 1556 1213 1631; x_wconf 88' lang='lat' dir='ltr'>disputarem.</span> <span class='ocrx_word' id='word_1_103' title='bbox 1254 1560 1316 1618; x_wconf 84' lang='lat' dir='ltr'>Nec</span> 
     </span>
     <span class='ocr_line' id='line_1_15' title="bbox 312 1633 1316 1708; baseline 0.002 -15"><span class='ocrx_word' id='word_1_104' title='bbox 312 1651 381 1694; x_wconf 82' lang='lat' dir='ltr'>vero</span> <span class='ocrx_word' id='word_1_105' title='bbox 401 1635 509 1694; x_wconf 92' lang='lat' dir='ltr'>illum</span> <span class='ocrx_word' id='word_1_106' title='bbox 500 1652 531 1692; x_wconf 92' lang='lat' dir='ltr'>m</span> <span class='ocrx_word' id='word_1_107' title='bbox 551 1651 588 1693; x_wconf 89' lang='lat' dir='ltr'>ea</span> <span class='ocrx_word' id='word_1_108' title='bbox 607 1650 728 1706; x_wconf 88' lang='lat' dir='ltr'>usquam</span> <span class='ocrx_word' id='word_1_109' title='bbox 747 1633 870 1706; x_wconf 81' lang='lat' dir='ltr'>legimus</span> <span class='ocrx_word' id='word_1_110' title='bbox 890 1634 998 1707; x_wconf 88' lang='lat' dir='ltr'>scripto</span> <span class='ocrx_word' id='word_1_111' title='bbox 1012 1635 1170 1708; x_wconf 85' lang='lat' dir='ltr'>exemplari</span> <span class='ocrx_word' id='word_1_112' title='bbox 1184 1636 1316 1695; x_wconf 88' lang='lat' dir='ltr'>adiutum</span> 
     </span>
     <span class='ocr_line' id='line_1_16' title="bbox 314 1710 1316 1784; baseline 0.001 -14"><span class='ocrx_word' id='word_1_113' title='bbox 314 1728 395 1784; x_wconf 86' lang='lat' dir='ltr'>esse;</span> <span class='ocrx_word' id='word_1_114' title='bbox 415 1712 492 1784; x_wconf 92' lang='lat' dir='ltr'>quod</span> <span class='ocrx_word' id='word_1_115' title='bbox 513 1713 538 1770; x_wconf 94' lang='lat' dir='ltr'>si</span> <span class='ocrx_word' id='word_1_116' title='bbox 557 1718 618 1769; x_wconf 84' lang='lat' dir='ltr'>turn</span> <span class='ocrx_word' id='word_1_117' title='bbox 639 1710 745 1769; x_wconf 84' lang='lat' dir='ltr'>luisset</span> <span class='ocrx_word' id='word_1_118' title='bbox 763 1711 862 1781; x_wconf 88' lang='lat' dir='ltr'>ullum,</span> <span class='ocrx_word' id='word_1_119' title='bbox 882 1727 939 1769; x_wconf 92' lang='lat' dir='ltr'>non</span> <span class='ocrx_word' id='word_1_120' title='bbox 959 1727 1029 1769; x_wconf 88' lang='lat' dir='ltr'>seue</span> <span class='ocrx_word' id='word_1_121' title='bbox 1043 1728 1061 1769; x_wconf 88' lang='lat' dir='ltr'>a</span> <span class='ocrx_word' id='word_1_122' title='bbox 1075 1711 1180 1771; x_wconf 84' lang='lat' dir='ltr'>Solone</span> <span class='ocrx_word' id='word_1_123' title='bbox 1201 1713 1316 1772; x_wconf 88' lang='lat' dir='ltr'>demum</span> 
     </span>
     <span class='ocr_line' id='line_1_17' title="bbox 312 1785 1316 1862; baseline 0.006 -16"><span class='ocrx_word' id='word_1_124' title='bbox 312 1789 452 1862; x_wconf 86' lang='lat' dir='ltr'>rhapsodi</span> <span class='ocrx_word' id='word_1_125' title='bbox 478 1787 640 1847; x_wconf 87' lang='lat' dir='ltr'>dedocendi</span> <span class='ocrx_word' id='word_1_126' title='bbox 663 1785 795 1846; x_wconf 87' lang='lat' dir='ltr'>inissent.</span> <span class='ocrx_word' id='word_1_127' title='bbox 842 1787 977 1846; x_wconf 79' lang='lat' dir='ltr'>Ceterum</span> <span class='ocrx_word' id='word_1_128' title='bbox 1005 1789 1079 1846; x_wconf 89' lang='lat' dir='ltr'>baec</span> <span class='ocrx_word' id='word_1_129' title='bbox 1098 1805 1146 1847; x_wconf 89' lang='lat' dir='ltr'>res</span> <span class='ocrx_word' id='word_1_130' title='bbox 1171 1790 1316 1852; x_wconf 85' lang='lat' dir='ltr'>adunam</span> 
     </span>
     <span class='ocr_line' id='line_1_18' title="bbox 312 1863 1317 1939; baseline 0.002 -16"><span class='ocrx_word' id='word_1_131' title='bbox 312 1865 441 1923; x_wconf 84' lang='lat' dir='ltr'>Atticam</span> <span class='ocrx_word' id='word_1_132' title='bbox 461 1863 617 1923; x_wconf 85' lang='lat' dir='ltr'>referenda</span> <span class='ocrx_word' id='word_1_133' title='bbox 637 1871 690 1935; x_wconf 89' lang='lat' dir='ltr'>est,</span> <span class='ocrx_word' id='word_1_134' title='bbox 710 1881 768 1922; x_wconf 91' lang='lat' dir='ltr'>non</span> <span class='ocrx_word' id='word_1_135' title='bbox 787 1864 825 1922; x_wconf 91' lang='lat' dir='ltr'>ad</span> <span class='ocrx_word' id='word_1_136' title='bbox 840 1863 993 1924; x_wconf 85' lang='lat' dir='ltr'>Graeciam</span> <span class='ocrx_word' id='word_1_137' title='bbox 1007 1866 1179 1923; x_wconf 86' lang='lat' dir='ltr'>universam</span> <span class='ocrx_word' id='word_1_138' title='bbox 1203 1867 1317 1939; x_wconf 84' lang='lat' dir='ltr'>Neque</span> 
     </span>
     <span class='ocr_line' id='line_1_19' title="bbox 316 1908 1316 2015; baseline 0.003 -16"><span class='ocrx_word' id='word_1_139' title='bbox 316 1942 392 1999; x_wconf 93' lang='lat' dir='ltr'>enim</span> <span class='ocrx_word' id='word_1_140' title='bbox 411 1942 471 2000; x_wconf 92' lang='lat' dir='ltr'>ullo</span> <span class='ocrx_word' id='word_1_141' title='bbox 491 1940 576 2000; x_wconf 92' lang='lat' dir='ltr'>modo</span> <span class='ocrx_word' id='word_1_142' title='bbox 597 1908 737 1998; x_wconf 87' lang='lat' dir='ltr'>credibile</span> <span class='ocrx_word' id='word_1_143' title='bbox 758 1948 818 2011; x_wconf 89' lang='lat' dir='ltr'>est,</span> <span class='ocrx_word' id='word_1_144' title='bbox 850 1941 984 2000; x_wconf 87' lang='lat' dir='ltr'>Solonem</span> <span class='ocrx_word' id='word_1_145' title='bbox 1003 1940 1092 2000; x_wconf 88' lang='lat' dir='ltr'>inisse</span> <span class='ocrx_word' id='word_1_146' title='bbox 1112 1942 1236 2015; x_wconf 90' lang='lat' dir='ltr'>primum</span> <span class='ocrx_word' id='word_1_147' title='bbox 1257 1961 1316 2002; x_wconf 90' lang='lat' dir='ltr'>om-</span> 
     </span>
    </p>

    <p class='ocr_par' dir='ltr' id='par_1_4' title="bbox 260 2018 1317 2398">
     <span class='ocr_line' id='line_1_20' title="bbox 260 2018 1316 2106; baseline 0.004 -32"><span class='ocrx_word' id='word_1_148' title='bbox 260 2018 476 2089; x_wconf 82' lang='lat' dir='ltr'>1onium,qui</span> <span class='ocrx_word' id='word_1_149' title='bbox 496 2018 550 2074; x_wconf 91' lang='lat' dir='ltr'>tali</span> <span class='ocrx_word' id='word_1_150' title='bbox 568 2018 682 2075; x_wconf 89' lang='lat' dir='ltr'>ratione</span> <span class='ocrx_word' id='word_1_151' title='bbox 704 2018 876 2106; x_wconf 83' lang='lat' dir='ltr'>elegantiori</span> <span class='ocrx_word' id='word_1_152' title='bbox 898 2019 1080 2094; x_wconf 89' lang='lat' dir='ltr'>dispositioni</span> <span class='ocrx_word' id='word_1_153' title='bbox 1101 2026 1131 2077; x_wconf 90' lang='lat' dir='ltr'>et</span> <span class='ocrx_word' id='word_1_154' title='bbox 1151 2020 1316 2080; x_wconf 90' lang='lat' dir='ltr'>collectioni</span> 
     </span>
     <span class='ocr_line' id='line_1_21' title="bbox 311 2093 1315 2167; baseline 0.004 -15"><span class='ocrx_word' id='word_1_155' title='bbox 311 2093 529 2152; x_wconf 90' lang='lat' dir='ltr'>Homericornm</span> <span class='ocrx_word' id='word_1_156' title='bbox 554 2110 674 2166; x_wconf 90' lang='lat' dir='ltr'>operum</span> <span class='ocrx_word' id='word_1_157' title='bbox 700 2095 880 2153; x_wconf 88' lang='lat' dir='ltr'>occasionem</span> <span class='ocrx_word' id='word_1_158' title='bbox 901 2096 993 2167; x_wconf 89' lang='lat' dir='ltr'>daret,</span> <span class='ocrx_word' id='word_1_159' title='bbox 1014 2112 1107 2167; x_wconf 93' lang='lat' dir='ltr'>neque</span> <span class='ocrx_word' id='word_1_160' title='bbox 1127 2113 1164 2154; x_wconf 88' lang='lat' dir='ltr'>ea</span> <span class='ocrx_word' id='word_1_161' title='bbox 1182 2097 1214 2154; x_wconf 93' lang='lat' dir='ltr'>in</span> <span class='ocrx_word' id='word_1_162' title='bbox 1232 2098 1315 2157; x_wconf 86' lang='lat' dir='ltr'>Ionia</span> 
     </span>
     <span class='ocr_line' id='line_1_22' title="bbox 312 2170 1316 2246; baseline 0.004 -18"><span class='ocrx_word' id='word_1_163' title='bbox 312 2177 343 2228; x_wconf 89' lang='lat' dir='ltr'>et</span> <span class='ocrx_word' id='word_1_164' title='bbox 362 2171 433 2229; x_wconf 91' lang='lat' dir='ltr'>alibi</span> <span class='ocrx_word' id='word_1_165' title='bbox 451 2176 512 2228; x_wconf 92' lang='lat' dir='ltr'>tam</span> <span class='ocrx_word' id='word_1_166' title='bbox 532 2170 689 2237; x_wconf 85' lang='lat' dir='ltr'>dissolute,</span> <span class='ocrx_word' id='word_1_167' title='bbox 720 2177 753 2228; x_wconf 94' lang='lat' dir='ltr'>ut</span> <span class='ocrx_word' id='word_1_168' title='bbox 772 2173 915 2230; x_wconf 92' lang='lat' dir='ltr'>nonnullis</span> <span class='ocrx_word' id='word_1_169' title='bbox 935 2189 1028 2246; x_wconf 89' lang='lat' dir='ltr'>nuper</span> <span class='ocrx_word' id='word_1_170' title='bbox 1047 2173 1173 2246; x_wconf 87' lang='lat' dir='ltr'>placuit,</span> <span class='ocrx_word' id='word_1_171' title='bbox 1198 2181 1316 2245; x_wconf 87' lang='lat' dir='ltr'>tamque</span> 
     </span>
     <span class='ocr_line' id='line_1_23' title="bbox 312 2245 1317 2321; baseline 0.004 -17"><span class='ocrx_word' id='word_1_172' title='bbox 312 2245 430 2306; x_wconf 84' lang='lat' dir='ltr'>confuse</span> <span class='ocrx_word' id='word_1_173' title='bbox 458 2254 488 2305; x_wconf 88' lang='lat' dir='ltr'>et</span> <span class='ocrx_word' id='word_1_174' title='bbox 515 2248 657 2320; x_wconf 85' lang='lat' dir='ltr'>permixte</span> <span class='ocrx_word' id='word_1_175' title='bbox 678 2249 819 2306; x_wconf 84' lang='lat' dir='ltr'>cantitata</span> <span class='ocrx_word' id='word_1_176' title='bbox 840 2266 918 2321; x_wconf 91' lang='lat' dir='ltr'>esse,</span> <span class='ocrx_word' id='word_1_177' title='bbox 944 2257 977 2308; x_wconf 92' lang='lat' dir='ltr'>ut</span> <span class='ocrx_word' id='word_1_178' title='bbox 997 2266 1096 2309; x_wconf 92' lang='lat' dir='ltr'>eorum</span> <span class='ocrx_word' id='word_1_179' title='bbox 1120 2252 1212 2309; x_wconf 90' lang='lat' dir='ltr'>omnis</span> <span class='ocrx_word' id='word_1_180' title='bbox 1232 2257 1317 2309; x_wconf 88' lang='lat' dir='ltr'>tenor</span> 
     </span>
     <span class='ocr_line' id='line_1_24' title="bbox 312 2325 692 2415; baseline -0.003 -33"><span class='ocrx_word' id='word_1_181' title='bbox 312 2325 429 2398; x_wconf 90' lang='lat' dir='ltr'>penitus</span> <span class='ocrx_word' id='word_1_182' title='bbox 450 2331 692 2415; x_wconf 80' lang='lat' dir='ltr'>corrumperetur.</span> 
     </span>
    </p>

    <p class='ocr_par' dir='ltr' id='par_1_5' title="bbox 312 2401 1321 3320">
     <span class='ocr_line' id='line_1_25' title="bbox 388 2401 1315 2476; baseline 0.001 -17"><span class='ocrx_word' id='word_1_183' title='bbox 388 2403 486 2475; x_wconf 90' lang='lat' dir='ltr'>Immo,</span> <span class='ocrx_word' id='word_1_184' title='bbox 508 2404 533 2461; x_wconf 93' lang='lat' dir='ltr'>si</span> <span class='ocrx_word' id='word_1_185' title='bbox 552 2401 731 2475; x_wconf 90' lang='lat' dir='ltr'>praesidium</span> <span class='ocrx_word' id='word_1_186' title='bbox 751 2402 862 2461; x_wconf 84' lang='lat' dir='ltr'>nobis&#39;</span> <span class='ocrx_word' id='word_1_187' title='bbox 853 2420 883 2460; x_wconf 94' lang='lat' dir='ltr'>1n</span> <span class='ocrx_word' id='word_1_188' title='bbox 897 2404 961 2462; x_wconf 90' lang='lat' dir='ltr'>sola</span> <span class='ocrx_word' id='word_1_189' title='bbox 974 2404 1141 2462; x_wconf 88' lang='lat' dir='ltr'>coniectura</span> <span class='ocrx_word' id='word_1_190' title='bbox 1155 2410 1244 2476; x_wconf 89' lang='lat' dir='ltr'>esset,</span> <span class='ocrx_word' id='word_1_191' title='bbox 1265 2404 1315 2462; x_wconf 95' lang='lat' dir='ltr'>ubi</span> 
     </span>
     <span class='ocr_line' id='line_1_26' title="bbox 312 2478 1318 2552; baseline 0.001 -15"><span class='ocrx_word' id='word_1_192' title='bbox 312 2479 384 2538; x_wconf 87' lang='lat' dir='ltr'>alias</span> <span class='ocrx_word' id='word_1_193' title='bbox 398 2497 483 2552; x_wconf 90' lang='lat' dir='ltr'>quam</span> <span class='ocrx_word' id='word_1_194' title='bbox 503 2481 532 2537; x_wconf 91' lang='lat' dir='ltr'>iu</span> <span class='ocrx_word' id='word_1_195' title='bbox 545 2483 642 2552; x_wconf 90' lang='lat' dir='ltr'>patria</span> <span class='ocrx_word' id='word_1_196' title='bbox 654 2478 774 2538; x_wconf 90' lang='lat' dir='ltr'>Homeri</span> <span class='ocrx_word' id='word_1_197' title='bbox 787 2480 910 2551; x_wconf 90' lang='lat' dir='ltr'>primum</span> <span class='ocrx_word' id='word_1_198' title='bbox 929 2481 1091 2538; x_wconf 92' lang='lat' dir='ltr'>institutum</span> <span class='ocrx_word' id='word_1_199' title='bbox 1104 2481 1183 2538; x_wconf 90' lang='lat' dir='ltr'>illius</span> <span class='ocrx_word' id='word_1_200' title='bbox 1197 2481 1318 2552; x_wconf 81' lang='lat' dir='ltr'>elegan-</span> 
     </span>
     <span class='ocr_line' id='line_1_27' title="bbox 312 2556 1316 2630; baseline 0.002 -16"><span class='ocrx_word' id='word_1_201' title='bbox 312 2557 396 2616; x_wconf 89' lang='lat' dir='ltr'>tioris</span> <span class='ocrx_word' id='word_1_202' title='bbox 430 2557 627 2630; x_wconf 88' lang='lat' dir='ltr'>dispositionis</span> <span class='ocrx_word' id='word_1_203' title='bbox 653 2557 878 2628; x_wconf 77' lang='lat' dir='ltr'>quaereremus?</span> <span class='ocrx_word' id='word_1_204' title='bbox 909 2556 994 2615; x_wconf 84' lang='lat' dir='ltr'>Addo</span> <span class='ocrx_word' id='word_1_205' title='bbox 1022 2559 1108 2616; x_wconf 88' lang='lat' dir='ltr'>etiarn</span> <span class='ocrx_word' id='word_1_206' title='bbox 1134 2558 1316 2629; x_wconf 88' lang='lat' dir='ltr'>scriptionis:</span> 
     </span>
     <span class='ocr_line' id='line_1_28' title="bbox 313 2633 1318 2706; baseline 0.001 -15"><span class='ocrx_word' id='word_1_207' title='bbox 313 2635 394 2693; x_wconf 92' lang='lat' dir='ltr'>cuius</span> <span class='ocrx_word' id='word_1_208' title='bbox 421 2636 514 2706; x_wconf 90' lang='lat' dir='ltr'>prima</span> <span class='ocrx_word' id='word_1_209' title='bbox 539 2634 699 2692; x_wconf 89' lang='lat' dir='ltr'>tentamina</span> <span class='ocrx_word' id='word_1_210' title='bbox 726 2650 743 2691; x_wconf 91' lang='lat' dir='ltr'>a</span> <span class='ocrx_word' id='word_1_211' title='bbox 764 2634 924 2691; x_wconf 90' lang='lat' dir='ltr'>cultissima</span> <span class='ocrx_word' id='word_1_212' title='bbox 944 2639 1030 2705; x_wconf 83' lang='lat' dir='ltr'>gente</span> <span class='ocrx_word' id='word_1_213' title='bbox 1050 2633 1128 2692; x_wconf 85' lang='lat' dir='ltr'>iacta</span> <span class='ocrx_word' id='word_1_214' title='bbox 1148 2635 1318 2694; x_wconf 86' lang='lat' dir='ltr'>viderentur</span> 
     </span>
     <span class='ocr_line' id='line_1_29' title="bbox 314 2708 1319 2783; baseline 0.005 -18"><span class='ocrx_word' id='word_1_215' title='bbox 314 2710 364 2769; x_wconf 91' lang='lat' dir='ltr'>illo</span> <span class='ocrx_word' id='word_1_216' title='bbox 385 2717 532 2783; x_wconf 90' lang='lat' dir='ltr'>tempore,</span> <span class='ocrx_word' id='word_1_217' title='bbox 553 2726 610 2782; x_wconf 91' lang='lat' dir='ltr'>quo</span> <span class='ocrx_word' id='word_1_218' title='bbox 636 2708 842 2769; x_wconf 84' lang='lat' dir='ltr'>coniectionem</span> <span class='ocrx_word' id='word_1_219' title='bbox 869 2712 1042 2769; x_wconf 85' lang='lat' dir='ltr'>voluminum</span> <span class='ocrx_word' id='word_1_220' title='bbox 1068 2711 1232 2770; x_wconf 73' lang='lat' dir='ltr'>inchoatam</span> <span class='ocrx_word' id='word_1_221' title='bbox 1253 2728 1319 2770; x_wconf 90' lang='lat' dir='ltr'>esse</span> 
     </span>
     <span class='ocr_line' id='line_1_30' title="bbox 315 2785 1319 2863; baseline 0.003 -20"><span class='ocrx_word' id='word_1_222' title='bbox 315 2785 462 2845; x_wconf 91' lang='lat' dir='ltr'>docuimus</span> <span class='ocrx_word' id='word_1_223' title='bbox 490 2786 516 2863; x_wconf 60' lang='grc' dir='ltr'>ᾗ.</span> <span class='ocrx_word' id='word_1_224' title='bbox 536 2787 643 2859; x_wconf 79' lang='lat' dir='ltr'><strong>XVII,</strong></span> <span class='ocrx_word' id='word_1_225' title='bbox 670 2787 698 2844; x_wconf 93' lang='lat' dir='ltr'>h.</span> <span class='ocrx_word' id='word_1_226' title='bbox 720 2803 745 2844; x_wconf 93' lang='lat' dir='ltr'>e.</span> <span class='ocrx_word' id='word_1_227' title='bbox 766 2787 873 2845; x_wconf 86' lang='lat' dir='ltr'>Pittaci</span> <span class='ocrx_word' id='word_1_228' title='bbox 898 2788 943 2845; x_wconf 90' lang='lat' dir='ltr'>vel</span> <span class='ocrx_word' id='word_1_229' title='bbox 964 2788 1077 2846; x_wconf 84' lang='lat' dir='ltr'>Solonis</span> <span class='ocrx_word' id='word_1_230' title='bbox 1102 2794 1210 2846; x_wconf 88' lang='lat' dir='ltr'>aetate.</span> <span class='ocrx_word' id='word_1_231' title='bbox 1251 2788 1319 2846; x_wconf 83' lang='lat' dir='ltr'>Etsi</span> 
     </span>
     <span class='ocr_line' id='line_1_31' title="bbox 316 2864 1319 2937; baseline 0.005 -18"><span class='ocrx_word' id='word_1_232' title='bbox 316 2864 391 2920; x_wconf 90' lang='lat' dir='ltr'>enim</span> <span class='ocrx_word' id='word_1_233' title='bbox 404 2865 592 2936; x_wconf 88' lang='lat' dir='ltr'>perantiquus</span> <span class='ocrx_word' id='word_1_234' title='bbox 615 2870 644 2922; x_wconf 90' lang='lat' dir='ltr'>et</span> <span class='ocrx_word' id='word_1_235' title='bbox 664 2864 868 2922; x_wconf 90' lang='lat' dir='ltr'>celeberrimus</span> <span class='ocrx_word' id='word_1_236' title='bbox 887 2881 949 2922; x_wconf 89' lang='lat' dir='ltr'>mos</span> <span class='ocrx_word' id='word_1_237' title='bbox 970 2865 1091 2922; x_wconf 88' lang='lat' dir='ltr'>canendi</span> <span class='ocrx_word' id='word_1_238' title='bbox 1111 2871 1234 2937; x_wconf 89' lang='lat' dir='ltr'>propter</span> <span class='ocrx_word' id='word_1_239' title='bbox 1244 2883 1319 2924; x_wconf 92' lang='lat' dir='ltr'>snm·</span> 
     </span>
     <span class='ocr_line' id='line_1_32' title="bbox 314 2941 1317 3014; baseline 0.003 -18"><span class='ocrx_word' id='word_1_240' title='bbox 314 2955 389 2997; x_wconf 89' lang='lat' dir='ltr'>mam</span> <span class='ocrx_word' id='word_1_241' title='bbox 409 2941 632 3008; x_wconf 81' lang='lat' dir='ltr'>iucunditatem,</span> <span class='ocrx_word' id='word_1_242' title='bbox 662 2947 691 2998; x_wconf 89' lang='lat' dir='ltr'>et</span> <span class='ocrx_word' id='word_1_243' title='bbox 711 2942 780 3012; x_wconf 86' lang='lat' dir='ltr'>qula</span> <span class='ocrx_word' id='word_1_244' title='bbox 799 2942 885 3013; x_wconf 90' lang='lat' dir='ltr'>plane</span> <span class='ocrx_word' id='word_1_245' title='bbox 905 2943 934 2997; x_wconf 89' lang='lat' dir='ltr'>iu</span> <span class='ocrx_word' id='word_1_246' title='bbox 954 2948 1045 2999; x_wconf 69' lang='lat' dir='ltr'>amem</span> <span class='ocrx_word' id='word_1_247' title='bbox 1067 2942 1196 3014; x_wconf 89' lang='lat' dir='ltr'>abierat,</span> <span class='ocrx_word' id='word_1_248' title='bbox 1223 2944 1317 2999; x_wconf 91' lang='lat' dir='ltr'>minus</span> 
     </span>
     <span class='ocr_line' id='line_1_33' title="bbox 314 3015 1320 3090; baseline 0.004 -17"><span class='ocrx_word' id='word_1_249' title='bbox 314 3015 536 3075; x_wconf 90' lang='lat' dir='ltr'>desiderabilem</span> <span class='ocrx_word' id='word_1_250' title='bbox 556 3015 653 3075; x_wconf 88' lang='lat' dir='ltr'>iacere</span> <span class='ocrx_word' id='word_1_251' title='bbox 674 3019 770 3090; x_wconf 89' lang='lat' dir='ltr'>potuit</span> <span class='ocrx_word' id='word_1_252' title='bbox 789 3018 983 3090; x_wconf 87' lang='lat' dir='ltr'>scriptionem,</span> <span class='ocrx_word' id='word_1_253' title='bbox 1004 3025 1091 3088; x_wconf 91' lang='lat' dir='ltr'>atque</span> <span class='ocrx_word' id='word_1_254' title='bbox 1105 3018 1180 3077; x_wconf 88' lang='lat' dir='ltr'>adeo</span> <span class='ocrx_word' id='word_1_255' title='bbox 1193 3017 1320 3078; x_wconf 87' lang='lat' dir='ltr'>fortasse</span> 
     </span>
     <span class='ocr_line' id='line_1_34' title="bbox 312 3092 1320 3166; baseline 0.005 -17"><span class='ocrx_word' id='word_1_256' title='bbox 312 3092 380 3150; x_wconf 91' lang='lat' dir='ltr'>huic</span> <span class='ocrx_word' id='word_1_257' title='bbox 400 3095 516 3164; x_wconf 83' lang='lat' dir='ltr'>negotio</span> <span class='ocrx_word' id='word_1_258' title='bbox 536 3110 631 3153; x_wconf 90' lang='lat' dir='ltr'>moras</span> <span class='ocrx_word' id='word_1_259' title='bbox 653 3094 768 3160; x_wconf 77' lang='lat' dir='ltr'>obiecit,</span> <span class='ocrx_word' id='word_1_260' title='bbox 789 3101 894 3166; x_wconf 89' lang='lat' dir='ltr'>tamen,</span> <span class='ocrx_word' id='word_1_261' title='bbox 915 3101 1067 3166; x_wconf 92' lang='lat' dir='ltr'>postquam</span> <span class='ocrx_word' id='word_1_262' title='bbox 1096 3094 1126 3152; x_wconf 93' lang='lat' dir='ltr'>id</span> <span class='ocrx_word' id='word_1_263' title='bbox 1147 3097 1237 3153; x_wconf 88' lang='lat' dir='ltr'>semel</span> <span class='ocrx_word' id='word_1_264' title='bbox 1257 3103 1320 3154; x_wconf 90' lang='lat' dir='ltr'>teu-</span> 
     </span>
     <span class='ocr_line' id='line_1_35' title="bbox 313 3170 1321 3244; baseline 0.005 -18"><span class='ocrx_word' id='word_1_265' title='bbox 313 3170 371 3226; x_wconf 87' lang='lat' dir='ltr'>tari</span> <span class='ocrx_word' id='word_1_266' title='bbox 385 3176 530 3242; x_wconf 89' lang='lat' dir='ltr'>coeperat,</span> <span class='ocrx_word' id='word_1_267' title='bbox 551 3171 700 3229; x_wconf 84' lang='lat' dir='ltr'>vix-ullum</span> <span class='ocrx_word' id='word_1_268' title='bbox 716 3171 839 3230; x_wconf 83' lang='lat' dir='ltr'>Carmen</span> <span class='ocrx_word' id='word_1_269' title='bbox 853 3172 980 3244; x_wconf 90' lang='lat' dir='ltr'>priorum</span> <span class='ocrx_word' id='word_1_270' title='bbox 995 3181 1156 3243; x_wconf 90' lang='lat' dir='ltr'>temporum</span> <span class='ocrx_word' id='word_1_271' title='bbox 1171 3172 1321 3231; x_wconf 83' lang='lat' dir='ltr'>exstitisse</span> 
     </span>
     <span class='ocr_line' id='line_1_36' title="bbox 312 3247 1280 3320; baseline 0.004 -17"><span class='ocrx_word' id='word_1_272' title='bbox 312 3254 407 3318; x_wconf 90' lang='lat' dir='ltr'>putes,</span> <span class='ocrx_word' id='word_1_273' title='bbox 429 3247 505 3318; x_wconf 92' lang='lat' dir='ltr'>quod</span> <span class='ocrx_word' id='word_1_274' title='bbox 528 3247 655 3306; x_wconf 88' lang='lat' dir='ltr'>Graecos</span> <span class='ocrx_word' id='word_1_275' title='bbox 676 3264 769 3320; x_wconf 90' lang='lat' dir='ltr'>aeque</span> <span class='ocrx_word' id='word_1_276' title='bbox 788 3249 954 3306; x_wconf 86' lang='lat' dir='ltr'>incitaverit</span> <span class='ocrx_word' id='word_1_277' title='bbox 974 3249 1011 3305; x_wconf 93' lang='lat' dir='ltr'>ad</span> <span class='ocrx_word' id='word_1_278' title='bbox 1031 3248 1280 3320; x_wconf 89' lang='lat' dir='ltr'>perscribendum.</span> 
     </span>
    </p>
   </div>
   <div class='ocr_carea' id='block_1_3' title="bbox 721 3458 906 3535">
    <p class='ocr_par' dir='ltr' id='par_1_6' title="bbox 721 3458 906 3535">
     <span class='ocr_line' id='line_1_37' title="bbox 721 3458 906 3535; baseline 0 -2"><span class='ocrx_word' id='word_1_279' title='bbox 721 3458 906 3535; x_wconf 84' lang='lat' dir='ltr'><strong>XXXIII.</strong></span> 
     </span>
    </p>
   </div>
   <div class='ocr_carea' id='block_1_4' title="bbox 314 3629 1321 3785">
    <p class='ocr_par' dir='ltr' id='par_1_7' title="bbox 314 3629 1321 3785">
     <span class='ocr_line' id='line_1_38' title="bbox 390 3629 1321 3704; baseline 0.008 -16"><span class='ocrx_word' id='word_1_280' title='bbox 390 3631 474 3688; x_wconf 89' lang='lat' dir='ltr'>Nunc</span> <span class='ocrx_word' id='word_1_281' title='bbox 493 3646 562 3687; x_wconf 88' lang='lat' dir='ltr'>vero</span> <span class='ocrx_word' id='word_1_282' title='bbox 582 3629 654 3703; x_wconf 88' lang='lat' dir='ltr'>nihil</span> <span class='ocrx_word' id='word_1_283' title='bbox 674 3647 748 3701; x_wconf 93' lang='lat' dir='ltr'>opus</span> <span class='ocrx_word' id='word_1_284' title='bbox 770 3639 816 3689; x_wconf 90' lang='lat' dir='ltr'>est</span> <span class='ocrx_word' id='word_1_285' title='bbox 836 3633 1016 3691; x_wconf 88' lang='lat' dir='ltr'>coniecturas</span> <span class='ocrx_word' id='word_1_286' title='bbox 1037 3648 1151 3704; x_wconf 89' lang='lat' dir='ltr'>capere.</span> <span class='ocrx_word' id='word_1_287' title='bbox 1186 3633 1321 3695; x_wconf 88' lang='lat' dir='ltr'>Historia</span> 
     </span>
     <span class='ocr_line' id='line_1_39' title="bbox 314 3707 1320 3785; baseline 0.008 -22"><span class='ocrx_word' id='word_1_288' title='bbox 314 3707 451 3777; x_wconf 91' lang='lat' dir='ltr'>loquitur.</span> <span class='ocrx_word' id='word_1_289' title='bbox 484 3707 559 3766; x_wconf 91' lang='lat' dir='ltr'>Nam</span> <span class='ocrx_word' id='word_1_290' title='bbox 573 3723 628 3765; x_wconf 87' lang='lat' dir='ltr'>vox</span> <span class='ocrx_word' id='word_1_291' title='bbox 640 3707 729 3765; x_wconf 89' lang='lat' dir='ltr'>totius</span> <span class='ocrx_word' id='word_1_292' title='bbox 744 3710 926 3780; x_wconf 87' lang='lat' dir='ltr'>antiquitatis</span> <span class='ocrx_word' id='word_1_293' title='bbox 940 3717 979 3782; x_wconf 90' lang='lat' dir='ltr'>et,</span> <span class='ocrx_word' id='word_1_294' title='bbox 1000 3711 1025 3768; x_wconf 91' lang='lat' dir='ltr'>si</span> <span class='ocrx_word' id='word_1_295' title='bbox 1040 3726 1178 3767; x_wconf 88' lang='lat' dir='ltr'>summam</span> <span class='ocrx_word' id='word_1_296' title='bbox 1193 3719 1320 3785; x_wconf 89' lang='lat' dir='ltr'>spectes,</span> 
     </span>
    </p>
   </div>
   <div class='ocr_carea' id='block_1_5' title="bbox 0 0 1526 4434">
    <p class='ocr_par' dir='ltr' id='par_1_8' title="bbox 0 0 1526 4434">
     <span class='ocr_line' id='line_1_40' title="bbox 0 0 1526 4434; baseline 0 0"><span class='ocrx_word' id='word_1_297' title='bbox 0 0 1526 4434; x_wconf 95' lang='lat' dir='ltr'> </span> 
     </span>
    </p>
   </div>
  </div>
 </body>
</html>
