3034 4434
729 540 845 594 -130
874 566 908 576 -

321 690 389 751 dam
409 691 496 749 etiarn
516 688 668 763 praeclara
682 687 743 746 eius
758 688 891 761 afferunt,
911 686 1201 762 partimdristarcho
1217 693 1247 747 ct
1258 689 1325 747 reli·

321 769 385 841 quis
405 766 530 839 antiquis
557 764 723 825 auctoribus
749 767 840 823 nostri
860 770 956 824 textus
976 765 1113 838 probata,
1139 766 1249 839 partim
1268 764 1324 826 for·

321 850 410 917 tasse,
430 859 476 902 mc
490 842 675 914 suffragante,
694 841 846 915 probanda
858 843 888 900 in
897 841 1097 916 posternm⁸¹).
1130 842 1235 916 Neque
1250 843 1325 901 enim

270 940 310 980 ara
322 921 393 978 nihil
405 920 488 978 estin
501 920 568 992 illis,
582 918 659 990 quod
674 934 709 976 ex
719 921 894 978 auctoritate
910 918 1047 978 bonorum
1056 919 1196 978 librorum
1207 917 1324 978 fluxisse

271 1016 309 1058 ara
322 995 507 1070 videatur‘ll),
535 1002 568 1055 ut
587 997 683 1069 potius
704 996 959 1068 reprehendendus
980 997 1032 1067 sit,
1061 997 1193 1069 quisquis
1215 997 1245 1054 id
1266 997 1323 1055 suis

426 1131 459 1185 Oi
476 1133 505 1183 δ’
517 1131 612 1201 Ἀργος
631 1130 703 1201 εἶχον
722 1132 754 1183 τὸ
775 1127 949 1199 Πελασγικόν,
968 1129 1057 1252 oddag
1076 1130 1209 1200 ἀρούρης,

319 1201 444 1271 periisset
466 1199 543 1255 nobis
557 1201 691 1266 peculiare
709 1200 849 1263 artificium
868 1198 969 1252 Glarkii
987 1205 1015 1252 et
1059 1200 1164 1253 ominae
1183 1199 1323 1252 Daceriae.

322 1299 353 1311 -
373 1268 426 1324 Sed
447 1269 509 1336 quis
526 1267 607 1322 fidem
623 1267 724 1321 habeat
736 1267 795 1320 istis
812 1267 958 1333 vocabulis,
977 1267 1023 1335 qui
1041 1282 1122 1335 saepe
1142 1266 1209 1320 alibi
1227 1267 1323 1320 viderit

271 1397 274 1404 ,
319 1337 369 1394 hos
388 1337 552 1392 Scholiastas
570 1334 725 1390 Zenodotea
746 1332 820 1389 haud
846 1335 1046 1390 dissimulanter
1070 1333 1178 1390 tradere
1197 1351 1233 1389 ex
1252 1335 1323 1389 audi-

319 1405 392 1462 tione
410 1412 439 1460 et
456 1405 529 1458 fama
546 1409 574 1458 et
592 1404 754 1470 coniectura,
773 1419 826 1457 non
843 1419 877 1457 ex
896 1404 1023 1471 inspectis
1039 1402 1115 1457 libris
1132 1403 1290 1458 veteribus?

388 1493 425 1560 81)
450 1490 519 1545 Vide
546 1489 580 1544 ad
609 1510 633 1542 a.
654 1492 710 1544 169.
737 1489 764 1554 β.
783 1493 842 1544 258.
860 1494 920 1544 448.
947 1506 972 1556 r.
991 1489 1033 1544 57.
1054 1493 1109 1544 126.
1127 1493 1188 1545 259.
1219 1492 1247 1543 0.
1265 1494 1321 1545 304.

319 1581 346 1626 μ.
364 1565 424 1617 295.
454 1559 478 1618 ξ.
497 1563 557 1614 285.
574 1561 632 1613 322.
651 1561 710 1612 400.
734 1576 761 1609 π.
782 1562 838 1612 188.
864 1561 893 1623 ψ.
911 1562 971 1614 307.
993 1563 1043 1616 515,
1085 1557 1241 1627 Aliquoties
1267 1559 1322 1612 eius

319 1631 389 1685 ratio
409 1629 490 1684 etiam
509 1626 665 1682 Scholiastis
682 1626 822 1695 laudatur,
850 1632 922 1697 51η.
940 1629 999 1681 428.
1018 1623 1042 1684 ἒ.
1060 1629 1119 1680 229.
1138 1645 1164 1680 σ,
1187 1631 1246 1682 198.
1264 1631 1321 1682 499.

320 1703 371 1753 etc.
389 1698 441 1753 etsi
458 1703 559 1750 temere
577 1693 719 1749 interdum.
754 1695 841 1760 Quam
858 1710 939 1763 saepe
956 1693 1154 1761 Aristophanes
1170 1694 1248 1763 Byr,
1266 1701 1322 1749 tum

319 1765 532 1830 iniectionibus,
550 1770 607 1818 turn
624 1763 653 1816 in
671 1763 830 1834 ἀδετήσεσι,
848 1779 908 1817 cum
920 1763 950 1816 Z.
967 1763 1141 1831 consenserit,
1159 1763 1323 1832 paullomox

318 1833 475 1890 videbimus,
509 1832 554 1886 Ex
573 1832 607 1885 iis
630 1837 720 1885 autem
738 1831 898 1885 lectionibus
915 1831 958 1898 Z.‚
980 1845 1049 1898 quas
1070 1846 1142 1884 nunc
1169 1832 1280 1886 tandem
1296 1833 1324 1885 in

319 1908 425 1958 textum
443 1901 575 1966 revocavi,
594 1899 742 1968 quaerendi
758 1900 851 1954 labore
869 1899 956 1954 fessus
973 1899 1069 1952 harum
1087 1904 1194 1953 tuntum
1208 1906 1323 1968 quatuor

319 1971 443 2038 memini,
473 1971 576 2023 51280.
604 1985 626 2019 ε.
645 1971 704 2022 227.
728 1987 756 2032 μ.
776 1973 835 2023 428.
862 1990 884 2021 ι.
901 1972 960 2022 423.
985 1966 1054 2021 conl.
1072 1981 1133 2020 cum
1152 1969 1179 2020 δ.
1199 1972 1259 2022 394.
1278 1968 1323 2022 ubi

319 2043 410 2092 tacent
427 2035 578 2104 magistelli,
597 2035 693 2103 quibus
705 2035 734 2089 Z.
753 2041 809 2090 tam
828 2036 956 2091 ridiculus
974 2041 1019 2090 est
1030 2035 1065 2089 ad
1076 2037 1195 2103 priorem
1208 2052 1321 2090 versum.

388 2123 424 2189 ⁸2)
442 2119 519 2174 Talia
537 2126 600 2174 sunt
617 2120 730 2175 tortasse
748 2121 824 2190 haec,
842 2129 899 2191 aut,
916 2123 939 2174 si
957 2138 992 2176 ex
1009 2121 1104 2189 priscis
1116 2122 1211 2189 διττογ
1233 2123 1323 2191 σφῐαις

319 2190 425 2245 delecta
449 2194 524 2257 sunt,
548 2193 622 2242 certe
644 2188 718 2242 haud
739 2191 816 2257 pravi
839 2190 931 2244 iudicii
957 2190 1103 2258 specimina
1120 2141 1322 2244 inmoriuntur:

320 2258 410 2314 1434.
430 2256 518 2329 ἀχέων
536 2273 563 2326 p.
576 2256 647 2326 vulg.
667 2259 753 2310 ἀκέων
773 2290 805 2298 -
823 2263 865 2313 47.
885 2258 958 2312 νυκτὶ
973 2258 1099 2317 ἐλυσθείς
1116 2274 1143 2326 p.
1156 2258 1230 2327 vulg.
1251 2260 1323 2311 νυκτὶ

320 2327 413 2389 ἐοικώς
430 2325 475 2393 (cf.
495 2326 530 2381 ad
547 2346 574 2389 μ.
591 2329 662 2392 463.)
680 2355 713 2366 ··
730 2344 755 2394 r.
776 2330 833 2382 152.
852 2327 961 2396 ὀένδρει
979 2343 1005 2395 p.
1025 2327 1148 2396 δενδρέῳ
1168 2357 1199 2366 -
1220 2328 1246 2380 δ.
1264 2331 1323 2382 339.

320 2395 424 2466 φαίδιμ’
441 2395 582 2463 Ὀδυσσεῦ,
608 2395 680 2463 quod
697 2395 744 2462 qui
762 2395 927 2463 improbant,
950 2395 1118 2450 immemores
1135 2400 1215 2448 erant
1233 2411 1324 2449 versus

321 2481 347 2519 5.
367 2469 434 2534 122,
452 2470 500 2519 aut
517 2463 555 2518 ibi
572 2464 627 2517 rim
643 2479 700 2518 voc.
718 2463 830 2516 1ύδιστε
848 2463 1047 2531 pervertebant.
1075 2494 1098 2502 -
1118 2480 1141 2515 ε.
1160 2466 1219 2518 898.
1245 2465 1323 2534 ἐνέρ.

320 2551 403 2594 τοτος
429 2565 459 2576 -
487 2535 515 2586 ri.
537 2536 593 2588 166.
617 2533 719 2596 πότμον
742 2532 838 2603 ἐφήσω
860 2547 886 2599 p.
906 2532 1035 2585 inusitata
1052 2530 1182 2598 formula,
1207 2533 1325 2595 δαίμονα

321 2602 402 2656 δώσω
431 2633 462 2643 «-
489 2620 504 2655 ι.
525 2605 581 2657 158.
599 2603 695 2669 acacii
704 2601 753 2655 ’τω
784 2632 812 2640 -
838 2603 897 2655 656.
917 2600 1092 2668 ἐγκονέουσαι
1110 2630 1141 2639 -
1160 2603 1221 2654 660.
1244 2603 1324 2668 (664.)

324 2666 366 2740 Τῷ
384 2671 417 2723 δὲ
433 2671 503 2740 γονὴ
521 2669 675 2739 παρέλεκτο
719 2669 799 2738 άειρ’,
817 2668 850 2738 ἣν
863 2668 893 2720 Λ.
911 2669 971 2739 ἦγε,
990 2668 1037 2721 ubi
1052 2667 1218 2723 Scholiastas
1236 2668 1324 2736 fugie-

320 2737 368 2793 bat
384 2738 498 2793 historia
515 2743 611 2807 captae
629 2738 783 2808 Chryseidis
807 2755 832 2789 a.
850 2740 908 2792 306.
935 2767 967 2776 -
991 2737 1015 2790 l.
1032 2741 1092 2791 840.
1116 2737 1175 2789 σεῖ’
1193 2736 1324 2808 ἀμελήσω

319 2834 353 2846 -
372 2824 395 2857 ν.
417 2807 474 2868 107,
493 2805 554 2864 ἑκὰς
572 2806 664 2865 πόλιος
682 2839 713 2846 -
742 2809 767 2868 ξ,
786 2809 828 2860 40.
847 2805 965 2874 ἑταίρων
999 2836 1030 2844 -
1062 2825 1088 2858 π.
1110 2808 1166 2859 156.
1185 2805 1277 2877 πάντῃ
1296 2821 1323 2874 p.

321 2873 475 2932 πάντας-
494 2891 519 2926 o.
537 2878 595 2928 565.
614 2875 643 2933 ἐς
661 2875 745 2946 αὐτὴν
766 2904 796 2913 ·-·
822 2892 847 2926 5.
869 2877 926 2928 138.
944 2870 979 2942 ἄρ
1000 2892 1054 2944 por.
1079 2903 1112 2913 -
1135 2872 1269 2941 lamiae,
1293 2890 1325 2928 ea

320 2939 355 2996 ad
378 2940 546 2996 Zenodotum
573 2949 711 2997 auctorem
733 2941 843 3008 referri,
874 2957 943 3010 quac
968 2941 974 2953 '
996 2958 1072 2996 orum
1095 2941 1154 2995 locu
1178 2941 1325 2996 substituta

320 3013 391 3077 sunt,
413 3024 501 3063 noune
519 3010 618 3078 statim,
643 3011 749 3079 ingrato
766 3010 873 3064 nominc
891 3010 989 3078 posito,
1013 3025 1126 3078 omnem,
1154 3026 1237 3079 quam
1255 3025 1325 3064 nunc

320 3076 429 3145 habent,
448 3077 562 3155 gratiam
580 3078 766 3146 perdiderint?
792 3079 835 3131 Ac
851 3077 930 3146 plura
947 3085 1038 3132 tamon
1056 3078 1167 3147 uulgata
1184 3094 1240 3133 non
1258 3079 1324 3133 anti-

321 3145 417 3213 quiora
434 3145 559 3199 videntur
576 3146 609 3199 iis
622 3146 817 3212 Grammaticis
835 3147 882 3215 qui
890 3147 1051 3201 Homericae
1069 3147 1200 3201 orationis
1211 3146 1325 3202 formem

321 3212 530 3281 elegantioribus
547 3214 652 3282 legibus
670 3215 879 3294 adstrinxerunt²
898 3220 934 3282 et,
952 3215 1017 3283 quid
1036 3215 1083 3269 uid
1099 3215 1142 3269 his
1160 3217 1325 3270 contrarium

321 3287 401 3343 esset,
421 3281 514 3335 sedulo
533 3282 729 3338 oblitterarunt.
759 3283 888 3338 Nonnihil
905 3289 996 3337 tamen
1013 3231 1083 3337 46115
1101 3299 1219 3352 casuque
1238 3285 1267 3338 in
1283 3283 1325 3337 his

321 3364 441 3472 ttulit
455 3349 755 3473 1111911101
779 3351 1325 3475 11111611161661166113

321 3491 416 3540 rentur
439 3492 534 3566 postea
551 3433 657 3555 616151,
676 3437 806 3567 Ι5611661115
829 3437 979 3543 vexarcgt.o
1010 3437 1325 3544 666111116Ἰλι151116155

323 3573 345 3611 ο.
357 3555 399 3610 71.
419 3570 494 3609 curus
512 3570 594 3608 causa
612 3562 712 3610 centres
730 3557 804 3625 dipla
821 3557 910 3624 posita
927 3557 1014 3611 estin
1031 3556 1152 3624 Scholiis,
1170 3563 1202 3611 ut
1219 3561 1325 3610 unicam

321 3622 424 3678 scilicet
448 3626 588 3690 exemplum
612 3625 733 3679 neutrius
751 3626 858 3693 generis
874 3626 902 3678 in
920 3625 966 3680 illo
984 3625 1090 3680 nomine
1108 3625 1196 3681 locum
1214 3640 1324 3696 suspec-

245 3704 247 3706 ’
320 3691 418 3746 tiorem
436 3692 546 3747 faceret.
582 3691 635 3746 Sed
652 3707 687 3746 ex
703 3693 936 3747 Zenodotoetiam
953 3693 1064 3748 aliiduo
1082 3700 1323 3761 veransnotantnr,

322 3759 370 3814 ubi
387 3760 454 3830 legit
463 3758 542 3814 Ἴλιον
561 3760 635 3826 αἰπύ,
653 3781 681 3814 π.
699 3765 741 3818 92.
760 3779 786 3815 σ.
806 3762 862 3816 174.
