<?xml version="1.0" encoding="UTF-8"?>
<!DOCTYPE html PUBLIC "-//W3C//DTD XHTML 1.0 Transitional//EN"
    "http://www.w3.org/TR/xhtml1/DTD/xhtml1-transitional.dtd">
<html xmlns="http://www.w3.org/1999/xhtml" xml:lang="en" lang="en">
 <head>
  <title>
</title>
<meta http-equiv="Content-Type" content="text/html;charset=utf-8" />
  <meta name='ocr-system' content='tesseract 3.04.00' />
  <meta name='ocr-capabilities' content='ocr_page ocr_carea ocr_par ocr_line ocrx_word'/>
</head>
<body>
  <div class='ocr_page' id='page_1' title='image "./prolegomenaadho00wolfgoog/prolegomenaadho00wolfgoog_0043.png"; bbox 0 0 3034 4434; ppageno 0'>
   <div class='ocr_carea' id='block_1_1' title="bbox 650 535 828 590">
    <p class='ocr_par' dir='ltr' id='par_1_1' title="bbox 650 535 828 590">
     <span class='ocr_line' id='line_1_1' title="bbox 650 535 828 590; baseline 0.011 -19"><span class='ocrx_word' id='word_1_1' title='bbox 650 535 828 590; x_wconf 71' lang='grc'>..33-</span> 
     </span>
    </p>
   </div>
   <div class='ocr_carea' id='block_1_2' title="bbox 233 681 1277 2824">
    <p class='ocr_par' dir='ltr' id='par_1_2' title="bbox 234 681 1277 1752">
     <span class='ocr_line' id='line_1_2' title="bbox 240 681 1240 755; baseline 0.002 -16"><span class='ocrx_word' id='word_1_2' title='bbox 240 687 330 754; x_wconf 86' lang='lat' dir='ltr'><strong>cavet,</strong></span> <span class='ocrx_word' id='word_1_3' title='bbox 355 697 396 740; x_wconf 93' lang='lat' dir='ltr'><strong>ne</strong></span> <span class='ocrx_word' id='word_1_4' title='bbox 426 681 476 740; x_wconf 87' lang='lat' dir='ltr'><strong>eui</strong></span> <span class='ocrx_word' id='word_1_5' title='bbox 500 681 657 755; x_wconf 82' lang='lat' dir='ltr'><strong>mythicam</strong></span> <span class='ocrx_word' id='word_1_6' title='bbox 680 697 742 741; x_wconf 89' lang='lat' dir='ltr'><strong>rem</strong></span> <span class='ocrx_word' id='word_1_7' title='bbox 767 698 820 754; x_wconf 90' lang='lat' dir='ltr'><strong>pro</strong></span> <span class='ocrx_word' id='word_1_8' title='bbox 845 687 994 755; x_wconf 89' lang='lat' dir='ltr'><strong>comperta</strong></span> <span class='ocrx_word' id='word_1_9' title='bbox 1012 683 1120 743; x_wconf 92' lang='lat' dir='ltr'><strong>habere</strong></span> <span class='ocrx_word' id='word_1_10' title='bbox 1139 683 1240 744; x_wconf 88' lang='lat' dir='ltr'><strong>libeat.</strong></span> 
     </span>
     <span class='ocr_line' id='line_1_3' title="bbox 236 757 1240 835; baseline 0.004 -19"><span class='ocrx_word' id='word_1_11' title='bbox 236 757 363 818; x_wconf 84' lang='lat' dir='ltr'>Pluribus</span> <span class='ocrx_word' id='word_1_12' title='bbox 383 763 486 818; x_wconf 86' lang='lat' dir='ltr'><strong>autem</strong></span> <span class='ocrx_word' id='word_1_13' title='bbox 505 758 537 817; x_wconf 93' lang='lat' dir='ltr'><strong>id</strong></span> <span class='ocrx_word' id='word_1_14' title='bbox 556 773 644 831; x_wconf 79' lang='lat' dir='ltr'><strong>agere</strong></span> <span class='ocrx_word' id='word_1_15' title='bbox 663 774 789 832; x_wconf 89' lang='lat' dir='ltr'><strong>possem,</strong></span> <span class='ocrx_word' id='word_1_16' title='bbox 809 759 931 831; x_wconf 90' lang='lat' dir='ltr'><strong>prolatis</strong></span> <span class='ocrx_word' id='word_1_17' title='bbox 946 759 1086 819; x_wconf 87' lang='lat' dir='ltr'><strong>similibus</strong></span> <span class='ocrx_word' id='word_1_18' title='bbox 1101 762 1240 835; x_wconf 82' lang='lat' dir='ltr'><strong>exemplis</strong></span> 
     </span>
     <span class='ocr_line' id='line_1_4' title="bbox 237 833 1240 908; baseline 0.003 -14"><span class='ocrx_word' id='word_1_19' title='bbox 237 833 403 908; x_wconf 83' lang='lat' dir='ltr'><strong>fabularum,</strong></span> <span class='ocrx_word' id='word_1_20' title='bbox 430 841 466 894; x_wconf 88' lang='lat' dir='ltr'><strong>ut</strong></span> <span class='ocrx_word' id='word_1_21' title='bbox 486 834 601 895; x_wconf 86' lang='lat' dir='ltr'><strong>celebre</strong></span> <span class='ocrx_word' id='word_1_22' title='bbox 621 851 725 896; x_wconf 91' lang='lat' dir='ltr'><strong>nomen</strong></span> <span class='ocrx_word' id='word_1_23' title='bbox 746 834 848 894; x_wconf 81' lang='lat' dir='ltr'><strong>Cadmi</strong></span> <span class='ocrx_word' id='word_1_24' title='bbox 867 841 977 894; x_wconf 91' lang='lat' dir='ltr'><strong>temere</strong></span> <span class='ocrx_word' id='word_1_25' title='bbox 997 836 1035 894; x_wconf 87' lang='lat' dir='ltr'><strong>ad</strong></span> <span class='ocrx_word' id='word_1_26' title='bbox 1054 836 1240 898; x_wconf 78' lang='lat' dir='ltr'><strong>Phoenicium</strong></span> 
     </span>
     <span class='ocr_line' id='line_1_5' title="bbox 235 911 1240 984; baseline 0.003 -14"><span class='ocrx_word' id='word_1_27' title='bbox 235 912 425 970; x_wconf 73' lang='lat' dir='ltr'><strong>inventionem</strong></span> <span class='ocrx_word' id='word_1_28' title='bbox 447 911 615 972; x_wconf 88' lang='lat' dir='ltr'><strong>traductum</strong></span> <span class='ocrx_word' id='word_1_29' title='bbox 635 927 798 984; x_wconf 79' lang='lat' dir='ltr'><strong>arguerem.</strong></span> <span class='ocrx_word' id='word_1_30' title='bbox 833 911 892 971; x_wconf 85' lang='lat' dir='ltr'><strong>Sed</strong></span> <span class='ocrx_word' id='word_1_31' title='bbox 912 912 982 984; x_wconf 86' lang='lat' dir='ltr'><strong>quid</strong></span> <span class='ocrx_word' id='word_1_32' title='bbox 1001 913 1056 972; x_wconf 89' lang='lat' dir='ltr'><strong>hoc</strong></span> <span class='ocrx_word' id='word_1_33' title='bbox 1075 921 1175 974; x_wconf 87' lang='lat' dir='ltr'><strong>nostra</strong></span> <span class='ocrx_word' id='word_1_34' title='bbox 1194 931 1240 973; x_wconf 91' lang='lat' dir='ltr'><strong>re·</strong></span> 
     </span>
     <span class='ocr_line' id='line_1_6' title="bbox 234 987 1240 1061; baseline 0.006 -16"><span class='ocrx_word' id='word_1_35' title='bbox 234 987 304 1049; x_wconf 80' lang='lat' dir='ltr'><strong>iarti</strong></span> <span class='ocrx_word' id='word_1_36' title='bbox 342 987 387 1048; x_wconf 89' lang='lat' dir='ltr'><strong>Ut</strong></span> <span class='ocrx_word' id='word_1_37' title='bbox 413 987 541 1048; x_wconf 77' lang='lat' dir='ltr'><strong>Cadmus</strong></span> <span class='ocrx_word' id='word_1_38' title='bbox 565 989 707 1048; x_wconf 86' lang='lat' dir='ltr'><strong>invexerit</strong></span> <span class='ocrx_word' id='word_1_39' title='bbox 730 990 859 1061; x_wconf 81' lang='lat' dir='ltr'><strong>litteras,</strong></span> <span class='ocrx_word' id='word_1_40' title='bbox 889 995 922 1047; x_wconf 89' lang='lat' dir='ltr'><strong>ut</strong></span> <span class='ocrx_word' id='word_1_41' title='bbox 948 989 1080 1049; x_wconf 89' lang='lat' dir='ltr'><strong>barbaris</strong></span> <span class='ocrx_word' id='word_1_42' title='bbox 1099 991 1240 1051; x_wconf 81' lang='lat' dir='ltr'><strong>Boeotiae</strong></span> 
     </span>
     <span class='ocr_line' id='line_1_7' title="bbox 235 1065 1277 1139; baseline 0.005 -17"><span class='ocrx_word' id='word_1_43' title='bbox 235 1065 404 1139; x_wconf 71' lang='lat' dir='ltr'><strong>stupendam</strong></span> <span class='ocrx_word' id='word_1_44' title='bbox 413 1072 509 1125; x_wconf 87' lang='lat' dir='ltr'><strong>artem</strong></span> <span class='ocrx_word' id='word_1_45' title='bbox 519 1065 697 1138; x_wconf 84' lang='lat' dir='ltr'><strong>ostenderit3</strong></span> <span class='ocrx_word' id='word_1_46' title='bbox 708 1065 887 1125; x_wconf 81' lang='lat' dir='ltr'><strong>docilitatem</strong></span> <span class='ocrx_word' id='word_1_47' title='bbox 897 1066 1037 1139; x_wconf 79' lang='lat' dir='ltr'><strong>largimur</strong></span> <span class='ocrx_word' id='word_1_48' title='bbox 1046 1068 1082 1125; x_wconf 92' lang='lat' dir='ltr'><strong>iis</strong></span> <span class='ocrx_word' id='word_1_49' title='bbox 1094 1074 1124 1126; x_wconf 91' lang='lat' dir='ltr'><strong>et</strong></span> <span class='ocrx_word' id='word_1_50' title='bbox 1133 1069 1237 1129; x_wconf 89' lang='lat' dir='ltr'><strong>otium:</strong></span> <span class='ocrx_word' id='word_1_51' title='bbox 1252 1082 1277 1120; x_wconf 72' lang='lat' dir='ltr'><strong>ev</strong></span> 
     </span>
     <span class='ocr_line' id='line_1_8' title="bbox 237 1141 1239 1216; baseline 0.004 -16"><span class='ocrx_word' id='word_1_52' title='bbox 237 1143 361 1213; x_wconf 85' lang='lat' dir='ltr'><strong>quamvis</strong></span> <span class='ocrx_word' id='word_1_53' title='bbox 381 1141 538 1215; x_wconf 84' lang='lat' dir='ltr'><strong>Amphion,</strong></span> <span class='ocrx_word' id='word_1_54' title='bbox 558 1143 673 1215; x_wconf 80' lang='lat' dir='ltr'><strong>integro</strong></span> <span class='ocrx_word' id='word_1_55' title='bbox 693 1143 811 1201; x_wconf 88' lang='lat' dir='ltr'><strong>saeculo</strong></span> <span class='ocrx_word' id='word_1_56' title='bbox 831 1143 985 1216; x_wconf 88' lang='lat' dir='ltr'><strong>posterior,</strong></span> <span class='ocrx_word' id='word_1_57' title='bbox 1013 1145 1062 1215; x_wconf 88' lang='lat' dir='ltr'><strong>qui</strong></span> <span class='ocrx_word' id='word_1_58' title='bbox 1082 1144 1239 1204; x_wconf 77' lang='lat' dir='ltr'><strong>Thebanae</strong></span> 
     </span>
     <span class='ocr_line' id='line_1_9' title="bbox 234 1216 1239 1292; baseline 0.004 -15"><span class='ocrx_word' id='word_1_59' title='bbox 234 1220 290 1277; x_wconf 86' lang='lat' dir='ltr'><strong>arci</strong></span> <span class='ocrx_word' id='word_1_60' title='bbox 309 1216 512 1278; x_wconf 89' lang='lat' dir='ltr'><strong>aedificandae</strong></span> <span class='ocrx_word' id='word_1_61' title='bbox 531 1218 645 1292; x_wconf 87' lang='lat' dir='ltr'><strong>lapidee</strong></span> <span class='ocrx_word' id='word_1_62' title='bbox 664 1224 753 1278; x_wconf 90' lang='lat' dir='ltr'><strong>cantu</strong></span> <span class='ocrx_word' id='word_1_63' title='bbox 773 1219 899 1277; x_wconf 88' lang='lat' dir='ltr'><strong>movisse</strong></span> <span class='ocrx_word' id='word_1_64' title='bbox 918 1217 1020 1292; x_wconf 81' lang='lat' dir='ltr'><strong>fertur,</strong></span> <span class='ocrx_word' id='word_1_65' title='bbox 1046 1220 1143 1280; x_wconf 89' lang='lat' dir='ltr'><strong>edicto</strong></span> <span class='ocrx_word' id='word_1_66' title='bbox 1164 1238 1239 1281; x_wconf 93' lang='lat' dir='ltr'><strong>com-</strong></span> 
     </span>
     <span class='ocr_line' id='line_1_10' title="bbox 234 1295 1239 1371; baseline 0.003 -17"><span class='ocrx_word' id='word_1_67' title='bbox 234 1295 341 1355; x_wconf 90' lang='lat' dir='ltr'><strong>modius</strong></span> <span class='ocrx_word' id='word_1_68' title='bbox 361 1296 509 1368; x_wconf 88' lang='lat' dir='ltr'><strong>potuisset</strong></span> <span class='ocrx_word' id='word_1_69' title='bbox 528 1296 605 1355; x_wconf 92' lang='lat' dir='ltr'><strong>cives</strong></span> <span class='ocrx_word' id='word_1_70' title='bbox 625 1311 753 1368; x_wconf 91' lang='lat' dir='ltr'><strong>monere,</strong></span> <span class='ocrx_word' id='word_1_71' title='bbox 774 1303 808 1371; x_wconf 84' lang='lat' dir='ltr'><strong>ut</strong></span> <span class='ocrx_word' id='word_1_72' title='bbox 827 1295 940 1369; x_wconf 90' lang='lat' dir='ltr'><strong>lapides</strong></span> <span class='ocrx_word' id='word_1_73' title='bbox 961 1304 1151 1369; x_wconf 79' lang='lat' dir='ltr'><strong>aggererent:</strong></span> <span class='ocrx_word' id='word_1_74' title='bbox 1186 1297 1239 1357; x_wconf 87' lang='lat' dir='ltr'><strong>sed</strong></span> 
     </span>
     <span class='ocr_line' id='line_1_11' title="bbox 235 1372 1239 1446; baseline 0.002 -17"><span class='ocrx_word' id='word_1_75' title='bbox 235 1378 263 1430; x_wconf 89' lang='lat' dir='ltr'><strong>ut</strong></span> <span class='ocrx_word' id='word_1_76' title='bbox 286 1373 374 1445; x_wconf 90' lang='lat' dir='ltr'><strong>pauci</strong></span> <span class='ocrx_word' id='word_1_77' title='bbox 400 1388 560 1444; x_wconf 90' lang='lat' dir='ltr'><strong>paucorum</strong></span> <span class='ocrx_word' id='word_1_78' title='bbox 580 1373 678 1445; x_wconf 81' lang='lat' dir='ltr'><strong>gratia</strong></span> <span class='ocrx_word' id='word_1_79' title='bbox 696 1372 726 1429; x_wconf 93' lang='lat' dir='ltr'><strong>in</strong></span> <span class='ocrx_word' id='word_1_80' title='bbox 746 1372 900 1431; x_wconf 89' lang='lat' dir='ltr'><strong>scribendo</strong></span> <span class='ocrx_word' id='word_1_81' title='bbox 919 1373 978 1430; x_wconf 90' lang='lat' dir='ltr'><strong>iam</strong></span> <span class='ocrx_word' id='word_1_82' title='bbox 998 1379 1059 1431; x_wconf 89' lang='lat' dir='ltr'><strong>tum</strong></span> <span class='ocrx_word' id='word_1_83' title='bbox 1079 1375 1239 1446; x_wconf 89' lang='lat' dir='ltr'><strong>periculum</strong></span> 
     </span>
     <span class='ocr_line' id='line_1_12' title="bbox 234 1446 1239 1523; baseline 0.001 -17"><span class='ocrx_word' id='word_1_84' title='bbox 234 1446 360 1521; x_wconf 89' lang='lat' dir='ltr'><strong>iecerint,</strong></span> <span class='ocrx_word' id='word_1_85' title='bbox 381 1449 426 1507; x_wconf 90' lang='lat' dir='ltr'><strong>vel</strong></span> <span class='ocrx_word' id='word_1_86' title='bbox 447 1448 584 1508; x_wconf 89' lang='lat' dir='ltr'><strong>brevibus</strong></span> <span class='ocrx_word' id='word_1_87' title='bbox 605 1449 735 1508; x_wconf 89' lang='lat' dir='ltr'><strong>versibus</strong></span> <span class='ocrx_word' id='word_1_88' title='bbox 757 1454 788 1507; x_wconf 92' lang='lat' dir='ltr'><strong>et</strong></span> <span class='ocrx_word' id='word_1_89' title='bbox 809 1449 1026 1522; x_wconf 79' lang='lat' dir='ltr'><strong>epigrammatis</strong></span> <span class='ocrx_word' id='word_1_90' title='bbox 1047 1465 1126 1522; x_wconf 89' lang='lat' dir='ltr'><strong>aera,</strong></span> <span class='ocrx_word' id='word_1_91' title='bbox 1146 1466 1239 1523; x_wconf 91' lang='lat' dir='ltr'><strong>nuper</strong></span> 
     </span>
     <span class='ocr_line' id='line_1_13' title="bbox 235 1524 1238 1599; baseline 0 -15"><span class='ocrx_word' id='word_1_92' title='bbox 235 1524 351 1584; x_wconf 86' lang='lat' dir='ltr'><strong>conflari</strong></span> <span class='ocrx_word' id='word_1_93' title='bbox 370 1531 489 1598; x_wconf 86' lang='lat' dir='ltr'><strong>coepta,</strong></span> <span class='ocrx_word' id='word_1_94' title='bbox 513 1526 705 1599; x_wconf 74' lang='lat' dir='ltr'><strong>signaverint3</strong></span> <span class='ocrx_word' id='word_1_95' title='bbox 740 1541 827 1597; x_wconf 86' lang='lat' dir='ltr'><strong>quam</strong></span> <span class='ocrx_word' id='word_1_96' title='bbox 846 1526 934 1598; x_wconf 78' lang='lat' dir='ltr'><strong>longe</strong></span> <span class='ocrx_word' id='word_1_97' title='bbox 953 1525 1027 1584; x_wconf 90' lang='lat' dir='ltr'><strong>haec</strong></span> <span class='ocrx_word' id='word_1_98' title='bbox 1045 1526 1127 1584; x_wconf 91' lang='lat' dir='ltr'><strong>rudis</strong></span> <span class='ocrx_word' id='word_1_99' title='bbox 1148 1542 1238 1599; x_wconf 90' lang='lat' dir='ltr'><strong>opera</strong></span> 
     </span>
     <span class='ocr_line' id='line_1_14' title="bbox 235 1601 1238 1675; baseline 0.002 -15"><span class='ocrx_word' id='word_1_100' title='bbox 235 1602 266 1661; x_wconf 88' lang='lat' dir='ltr'><strong>ab</strong></span> <span class='ocrx_word' id='word_1_101' title='bbox 292 1601 430 1675; x_wconf 82' lang='lat' dir='ltr'><strong>expedito</strong></span> <span class='ocrx_word' id='word_1_102' title='bbox 453 1619 510 1661; x_wconf 90' lang='lat' dir='ltr'><strong>usu</strong></span> <span class='ocrx_word' id='word_1_103' title='bbox 537 1607 567 1662; x_wconf 93' lang='lat' dir='ltr'><strong>et</strong></span> <span class='ocrx_word' id='word_1_104' title='bbox 586 1601 726 1662; x_wconf 86' lang='lat' dir='ltr'><strong>facultate</strong></span> <span class='ocrx_word' id='word_1_105' title='bbox 748 1602 820 1660; x_wconf 89' lang='lat' dir='ltr'><strong>artis</strong></span> <span class='ocrx_word' id='word_1_106' title='bbox 841 1602 1004 1675; x_wconf 87' lang='lat' dir='ltr'><strong>discrepet,</strong></span> <span class='ocrx_word' id='word_1_107' title='bbox 1035 1603 1156 1674; x_wconf 88' lang='lat' dir='ltr'><strong>quisque</strong></span> <span class='ocrx_word' id='word_1_108' title='bbox 1177 1604 1238 1662; x_wconf 91' lang='lat' dir='ltr'><strong>sine</strong></span> 
     </span>
     <span class='ocr_line' id='line_1_15' title="bbox 234 1678 713 1752; baseline 0 -16"><span class='ocrx_word' id='word_1_109' title='bbox 234 1678 426 1738; x_wconf 86' lang='lat' dir='ltr'><strong>admonitione</strong></span> <span class='ocrx_word' id='word_1_110' title='bbox 444 1686 546 1738; x_wconf 89' lang='lat' dir='ltr'><strong>nostra</strong></span> <span class='ocrx_word' id='word_1_111' title='bbox 566 1679 713 1752; x_wconf 77' lang='lat' dir='ltr'><strong>intelligit.</strong></span> 
     </span>
    </p>

    <p class='ocr_par' dir='ltr' id='par_1_3' title="bbox 233 1753 1275 2824">
     <span class='ocr_line' id='line_1_16' title="bbox 302 1753 1238 1828; baseline -0.001 -14"><span class='ocrx_word' id='word_1_112' title='bbox 302 1756 402 1828; x_wconf 81' lang='lat' dir='ltr'><strong>Magis</strong></span> <span class='ocrx_word' id='word_1_113' title='bbox 429 1761 529 1814; x_wconf 90' lang='lat' dir='ltr'><strong>autem</strong></span> <span class='ocrx_word' id='word_1_114' title='bbox 547 1755 728 1815; x_wconf 91' lang='lat' dir='ltr'><strong>Herodotum</strong></span> <span class='ocrx_word' id='word_1_115' title='bbox 755 1756 846 1815; x_wconf 90' lang='lat' dir='ltr'><strong>miror</strong></span> <span class='ocrx_word' id='word_1_116' title='bbox 871 1755 901 1812; x_wconf 92' lang='lat' dir='ltr'><strong>in</strong></span> <span class='ocrx_word' id='word_1_117' title='bbox 928 1771 977 1826; x_wconf 93' lang='lat' dir='ltr'><strong>eo,</strong></span> <span class='ocrx_word' id='word_1_118' title='bbox 1003 1753 1080 1824; x_wconf 86' lang='lat' dir='ltr'><strong>quod</strong></span> <span class='ocrx_word' id='word_1_119' title='bbox 1104 1754 1162 1812; x_wconf 88' lang='lat' dir='ltr'><strong>tria</strong></span> <span class='ocrx_word' id='word_1_120' title='bbox 1187 1755 1238 1813; x_wconf 91' lang='lat' dir='ltr'><strong>illa</strong></span> 
     </span>
     <span class='ocr_line' id='line_1_17' title="bbox 234 1830 1237 1906; baseline 0.001 -17"><span class='ocrx_word' id='word_1_121' title='bbox 234 1833 447 1905; x_wconf 80' lang='lat' dir='ltr'><strong>epigrammata,</strong></span> <span class='ocrx_word' id='word_1_122' title='bbox 467 1843 544 1906; x_wconf 81' lang='lat' dir='ltr'><strong>quae</strong></span> <span class='ocrx_word' id='word_1_123' title='bbox 563 1832 673 1891; x_wconf 87' lang='lat' dir='ltr'><strong>ibidem</strong></span> <span class='ocrx_word' id='word_1_124' title='bbox 693 1848 730 1890; x_wconf 82' lang='lat' dir='ltr'><strong>ex</strong></span> <span class='ocrx_word' id='word_1_125' title='bbox 750 1831 943 1890; x_wconf 89' lang='lat' dir='ltr'><strong>anathematis</strong></span> <span class='ocrx_word' id='word_1_126' title='bbox 963 1831 1079 1889; x_wconf 84' lang='lat' dir='ltr'><strong>Ismenii</strong></span> <span class='ocrx_word' id='word_1_127' title='bbox 1092 1830 1237 1904; x_wconf 88' lang='lat' dir='ltr'><strong>Apollinis</strong></span> 
     </span>
     <span class='ocr_line' id='line_1_18' title="bbox 234 1907 1238 1982; baseline 0 -16"><span class='ocrx_word' id='word_1_128' title='bbox 234 1908 305 1981; x_wconf 88' lang='lat' dir='ltr'><strong>apud</strong></span> <span class='ocrx_word' id='word_1_129' title='bbox 324 1908 480 1969; x_wconf 86' lang='lat' dir='ltr'><strong>Thebanos</strong></span> <span class='ocrx_word' id='word_1_130' title='bbox 506 1908 753 1982; x_wconf 62' lang='lat' dir='ltr'><strong>umscnpsitw),</strong></span> <span class='ocrx_word' id='word_1_131' title='bbox 780 1909 910 1982; x_wconf 89' lang='lat' dir='ltr'><strong>proxime</strong></span> <span class='ocrx_word' id='word_1_132' title='bbox 930 1908 968 1966; x_wconf 90' lang='lat' dir='ltr'><strong>ad</strong></span> <span class='ocrx_word' id='word_1_133' title='bbox 990 1907 1092 1966; x_wconf 80' lang='lat' dir='ltr'><strong>Cadmi</strong></span> <span class='ocrx_word' id='word_1_134' title='bbox 1111 1913 1238 1966; x_wconf 89' lang='lat' dir='ltr'><strong>aetatem</strong></span> 
     </span>
     <span class='ocr_line' id='line_1_19' title="bbox 233 1983 1238 2058; baseline -0.003 -15"><span class='ocrx_word' id='word_1_135' title='bbox 233 1985 368 2058; x_wconf 89' lang='lat' dir='ltr'><strong>retrudit,</strong></span> <span class='ocrx_word' id='word_1_136' title='bbox 396 1990 426 2044; x_wconf 92' lang='lat' dir='ltr'><strong>et</strong></span> <span class='ocrx_word' id='word_1_137' title='bbox 445 1985 573 2046; x_wconf 89' lang='lat' dir='ltr'><strong>Homero</strong></span> <span class='ocrx_word' id='word_1_138' title='bbox 599 1985 693 2044; x_wconf 90' lang='lat' dir='ltr'><strong>tribus</strong></span> <span class='ocrx_word' id='word_1_139' title='bbox 714 1991 876 2057; x_wconf 82' lang='lat' dir='ltr'><strong>quatuorve</strong></span> <span class='ocrx_word' id='word_1_140' title='bbox 896 1985 1020 2044; x_wconf 89' lang='lat' dir='ltr'><strong>saeculis</strong></span> <span class='ocrx_word' id='word_1_141' title='bbox 1040 1986 1139 2058; x_wconf 88' lang='lat' dir='ltr'><strong>priora</strong></span> <span class='ocrx_word' id='word_1_142' title='bbox 1158 1983 1238 2043; x_wconf 87' lang='lat' dir='ltr'><strong>facit.</strong></span> 
     </span>
     <span class='ocr_line' id='line_1_20' title="bbox 233 2059 1237 2136; baseline 0.001 -17"><span class='ocrx_word' id='word_1_143' title='bbox 233 2063 405 2135; x_wconf 78' lang='lat' dir='ltr'><strong>Acceperat,</strong></span> <span class='ocrx_word' id='word_1_144' title='bbox 433 2062 553 2136; x_wconf 89' lang='lat' dir='ltr'><strong>opinor,</strong></span> <span class='ocrx_word' id='word_1_145' title='bbox 586 2062 629 2122; x_wconf 92' lang='lat' dir='ltr'><strong>ita</strong></span> <span class='ocrx_word' id='word_1_146' title='bbox 654 2062 947 2133; x_wconf 87' lang='lat' dir='ltr'><strong>amonstratoribus;</strong></span> <span class='ocrx_word' id='word_1_147' title='bbox 979 2059 1073 2120; x_wconf 86' lang='lat' dir='ltr'><strong>refert</strong></span> <span class='ocrx_word' id='word_1_148' title='bbox 1093 2078 1129 2120; x_wconf 82' lang='lat' dir='ltr'><strong>ex</strong></span> <span class='ocrx_word' id='word_1_149' title='bbox 1148 2078 1237 2133; x_wconf 88' lang='lat' dir='ltr'><strong>more,</strong></span> 
     </span>
     <span class='ocr_line' id='line_1_21' title="bbox 233 2136 1275 2212; baseline 0 -16"><span class='ocrx_word' id='word_1_150' title='bbox 233 2139 305 2208; x_wconf 88' lang='lat' dir='ltr'><strong>quod</strong></span> <span class='ocrx_word' id='word_1_151' title='bbox 325 2145 495 2212; x_wconf 63' lang='lat' dir='ltr'><strong>acceperam</strong></span> <span class='ocrx_word' id='word_1_152' title='bbox 516 2143 547 2197; x_wconf 92' lang='lat' dir='ltr'><strong>et</strong></span> <span class='ocrx_word' id='word_1_153' title='bbox 565 2138 706 2198; x_wconf 89' lang='lat' dir='ltr'><strong>inusitata</strong></span> <span class='ocrx_word' id='word_1_154' title='bbox 723 2136 817 2199; x_wconf 90' lang='lat' dir='ltr'><strong>forma</strong></span> <span class='ocrx_word' id='word_1_155' title='bbox 833 2139 998 2197; x_wconf 89' lang='lat' dir='ltr'><strong>litterarum</strong></span> <span class='ocrx_word' id='word_1_156' title='bbox 1012 2136 1124 2198; x_wconf 88' lang='lat' dir='ltr'><strong>fecerat</strong></span> <span class='ocrx_word' id='word_1_157' title='bbox 1135 2136 1235 2196; x_wconf 79' lang='lat' dir='ltr'><strong>fidem:</strong></span> <span class='ocrx_word' id='word_1_158' title='bbox 1250 2158 1275 2196; x_wconf 81' lang='lat' dir='ltr'><strong>ss</strong></span> 
     </span>
     <span class='ocr_line' id='line_1_22' title="bbox 234 2215 1236 2288; baseline 0 -18"><span class='ocrx_word' id='word_1_159' title='bbox 234 2229 282 2273; x_wconf 88' lang='lat' dir='ltr'><strong>nee</strong></span> <span class='ocrx_word' id='word_1_160' title='bbox 301 2215 420 2288; x_wconf 79' lang='lat' dir='ltr'><strong>ingenia</strong></span> <span class='ocrx_word' id='word_1_161' title='bbox 439 2215 490 2273; x_wconf 95' lang='lat' dir='ltr'><strong>illo</strong></span> <span class='ocrx_word' id='word_1_162' title='bbox 511 2220 642 2288; x_wconf 89' lang='lat' dir='ltr'><strong>tempore</strong></span> <span class='ocrx_word' id='word_1_163' title='bbox 657 2215 780 2274; x_wconf 85' lang='lat' dir='ltr'><strong>subacta</strong></span> <span class='ocrx_word' id='word_1_164' title='bbox 794 2221 878 2274; x_wconf 91' lang='lat' dir='ltr'><strong>erant</strong></span> <span class='ocrx_word' id='word_1_165' title='bbox 890 2215 993 2274; x_wconf 91' lang='lat' dir='ltr'><strong>harum</strong></span> <span class='ocrx_word' id='word_1_166' title='bbox 1006 2231 1105 2274; x_wconf 91' lang='lat' dir='ltr'><strong>rerum</strong></span> <span class='ocrx_word' id='word_1_167' title='bbox 1119 2215 1236 2274; x_wconf 88' lang='lat' dir='ltr'><strong>iudicio.</strong></span> 
     </span>
     <span class='ocr_line' id='line_1_23' title="bbox 234 2289 1236 2364; baseline 0.003 -16"><span class='ocrx_word' id='word_1_168' title='bbox 234 2289 285 2350; x_wconf 84' lang='lat' dir='ltr'><strong>Sed</strong></span> <span class='ocrx_word' id='word_1_169' title='bbox 310 2291 389 2363; x_wconf 87' lang='lat' dir='ltr'><strong>quod</strong></span> <span class='ocrx_word' id='word_1_170' title='bbox 416 2308 454 2351; x_wconf 90' lang='lat' dir='ltr'><strong>ne</strong></span> <span class='ocrx_word' id='word_1_171' title='bbox 479 2291 566 2352; x_wconf 93' lang='lat' dir='ltr'><strong>hodie</strong></span> <span class='ocrx_word' id='word_1_172' title='bbox 593 2291 711 2364; x_wconf 91' lang='lat' dir='ltr'><strong>quidem</strong></span> <span class='ocrx_word' id='word_1_173' title='bbox 737 2292 789 2350; x_wconf 91' lang='lat' dir='ltr'><strong>illa</strong></span> <span class='ocrx_word' id='word_1_174' title='bbox 807 2290 887 2350; x_wconf 82' lang='lat' dir='ltr'><strong>haus</strong></span> <span class='ocrx_word' id='word_1_175' title='bbox 908 2309 1006 2352; x_wconf 89' lang='lat' dir='ltr'><strong>eorum</strong></span> <span class='ocrx_word' id='word_1_176' title='bbox 1026 2292 1078 2349; x_wconf 90' lang='lat' dir='ltr'><strong>ulli</strong></span> <span class='ocrx_word' id='word_1_177' title='bbox 1098 2292 1236 2364; x_wconf 89' lang='lat' dir='ltr'><strong>suspicio-</strong></span> 
     </span>
     <span class='ocr_line' id='line_1_24' title="bbox 235 2367 1237 2441; baseline 0 -17"><span class='ocrx_word' id='word_1_178' title='bbox 235 2382 295 2428; x_wconf 91' lang='lat' dir='ltr'><strong>nem</strong></span> <span class='ocrx_word' id='word_1_179' title='bbox 313 2369 413 2441; x_wconf 93' lang='lat' dir='ltr'><strong>movit,</strong></span> <span class='ocrx_word' id='word_1_180' title='bbox 434 2369 485 2440; x_wconf 91' lang='lat' dir='ltr'><strong>qui</strong></span> <span class='ocrx_word' id='word_1_181' title='bbox 505 2369 645 2440; x_wconf 87' lang='lat' dir='ltr'><strong>cuiusque</strong></span> <span class='ocrx_word' id='word_1_182' title='bbox 666 2369 773 2427; x_wconf 87' lang='lat' dir='ltr'><strong>aetatis</strong></span> <span class='ocrx_word' id='word_1_183' title='bbox 794 2369 955 2428; x_wconf 87' lang='lat' dir='ltr'><strong>orationem</strong></span> <span class='ocrx_word' id='word_1_184' title='bbox 977 2367 1076 2426; x_wconf 90' lang='lat' dir='ltr'><strong>subtili</strong></span> <span class='ocrx_word' id='word_1_185' title='bbox 1095 2374 1159 2424; x_wconf 87' lang='lat' dir='ltr'><strong>arte</strong></span> <span class='ocrx_word' id='word_1_186' title='bbox 1179 2367 1237 2424; x_wconf 89' lang='lat' dir='ltr'><strong>dis·</strong></span> 
     </span>
     <span class='ocr_line' id='line_1_25' title="bbox 233 2443 1236 2517; baseline -0.003 -15"><span class='ocrx_word' id='word_1_187' title='bbox 233 2443 361 2517; x_wconf 78' lang='lat' dir='ltr'><strong>tinguere</strong></span> <span class='ocrx_word' id='word_1_188' title='bbox 374 2450 559 2517; x_wconf 87' lang='lat' dir='ltr'><strong>consuerant,</strong></span> <span class='ocrx_word' id='word_1_189' title='bbox 572 2445 604 2503; x_wconf 93' lang='lat' dir='ltr'><strong>id</strong></span> <span class='ocrx_word' id='word_1_190' title='bbox 618 2446 690 2504; x_wconf 89' lang='lat' dir='ltr'><strong>satis</strong></span> <span class='ocrx_word' id='word_1_191' title='bbox 703 2445 804 2503; x_wconf 90' lang='lat' dir='ltr'><strong>mirari</strong></span> <span class='ocrx_word' id='word_1_192' title='bbox 817 2460 938 2516; x_wconf 87' lang='lat' dir='ltr'><strong>nequeo.</strong></span> <span class='ocrx_word' id='word_1_193' title='bbox 960 2444 1035 2502; x_wconf 89' lang='lat' dir='ltr'><strong>Nam</strong></span> <span class='ocrx_word' id='word_1_194' title='bbox 1049 2444 1144 2501; x_wconf 88' lang='lat' dir='ltr'><strong>acrius</strong></span> <span class='ocrx_word' id='word_1_195' title='bbox 1157 2443 1236 2513; x_wconf 92' lang='lat' dir='ltr'><strong>mihi,</strong></span> 
     </span>
     <span class='ocr_line' id='line_1_26' title="bbox 235 2521 1236 2593; baseline -0.003 -15"><span class='ocrx_word' id='word_1_196' title='bbox 235 2535 346 2593; x_wconf 82' lang='lat' dir='ltr'><strong>quaeso,</strong></span> <span class='ocrx_word' id='word_1_197' title='bbox 367 2523 494 2581; x_wconf 89' lang='lat' dir='ltr'><strong>animum</strong></span> <span class='ocrx_word' id='word_1_198' title='bbox 515 2521 632 2580; x_wconf 90' lang='lat' dir='ltr'><strong>intende</strong></span> <span class='ocrx_word' id='word_1_199' title='bbox 651 2521 690 2580; x_wconf 87' lang='lat' dir='ltr'><strong>ad</strong></span> <span class='ocrx_word' id='word_1_200' title='bbox 703 2523 819 2581; x_wconf 90' lang='lat' dir='ltr'><strong>illorum</strong></span> <span class='ocrx_word' id='word_1_201' title='bbox 833 2536 968 2579; x_wconf 89' lang='lat' dir='ltr'><strong>versuum</strong></span> <span class='ocrx_word' id='word_1_202' title='bbox 981 2536 1091 2590; x_wconf 90' lang='lat' dir='ltr'><strong>sonum,</strong></span> <span class='ocrx_word' id='word_1_203' title='bbox 1113 2534 1236 2588; x_wconf 82' lang='lat' dir='ltr'><strong>eumque</strong></span> 
     </span>
     <span class='ocr_line' id='line_1_27' title="bbox 234 2595 1235 2672; baseline -0.002 -20"><span class='ocrx_word' id='word_1_204' title='bbox 234 2611 364 2672; x_wconf 88' lang='lat' dir='ltr'><strong>compara</strong></span> <span class='ocrx_word' id='word_1_205' title='bbox 395 2614 459 2657; x_wconf 92' lang='lat' dir='ltr'><strong>cum</strong></span> <span class='ocrx_word' id='word_1_206' title='bbox 487 2597 629 2669; x_wconf 85' lang='lat' dir='ltr'><strong>Homer03</strong></span> <span class='ocrx_word' id='word_1_207' title='bbox 656 2605 707 2657; x_wconf 88' lang='lat' dir='ltr'><strong>aut</strong></span> <span class='ocrx_word' id='word_1_208' title='bbox 730 2599 801 2656; x_wconf 91' lang='lat' dir='ltr'><strong>nihil</strong></span> <span class='ocrx_word' id='word_1_209' title='bbox 825 2599 856 2655; x_wconf 93' lang='lat' dir='ltr'><strong>in</strong></span> <span class='ocrx_word' id='word_1_210' title='bbox 882 2596 1015 2669; x_wconf 90' lang='lat' dir='ltr'><strong>Orphicis</strong></span> <span class='ocrx_word' id='word_1_211' title='bbox 1041 2595 1235 2654; x_wconf 90' lang='lat' dir='ltr'><strong>adulterinum</strong></span> 
     </span>
     <span class='ocr_line' id='line_1_28' title="bbox 234 2672 1237 2747; baseline 0.002 -19"><span class='ocrx_word' id='word_1_212' title='bbox 234 2676 368 2747; x_wconf 85' lang='lat' dir='ltr'><strong>reperies,</strong></span> <span class='ocrx_word' id='word_1_213' title='bbox 389 2681 441 2734; x_wconf 92' lang='lat' dir='ltr'><strong>aut</strong></span> <span class='ocrx_word' id='word_1_214' title='bbox 460 2675 527 2734; x_wconf 89' lang='lat' dir='ltr'><strong>illos</strong></span> <span class='ocrx_word' id='word_1_215' title='bbox 547 2675 586 2734; x_wconf 91' lang='lat' dir='ltr'><strong>ad</strong></span> <span class='ocrx_word' id='word_1_216' title='bbox 605 2675 752 2734; x_wconf 79' lang='lat' dir='ltr'><strong>Homerici</strong></span> <span class='ocrx_word' id='word_1_217' title='bbox 771 2676 800 2733; x_wconf 93' lang='lat' dir='ltr'><strong>h.</strong></span> <span class='ocrx_word' id='word_1_218' title='bbox 822 2691 847 2732; x_wconf 93' lang='lat' dir='ltr'><strong>e.</strong></span> <span class='ocrx_word' id='word_1_219' title='bbox 869 2673 999 2733; x_wconf 81' lang='lat' dir='ltr'><strong>ciritioris</strong></span> <span class='ocrx_word' id='word_1_220' title='bbox 1019 2672 1109 2732; x_wconf 90' lang='lat' dir='ltr'><strong>ionici</strong></span> <span class='ocrx_word' id='word_1_221' title='bbox 1130 2686 1237 2730; x_wconf 89' lang='lat' dir='ltr'><strong>sermo-</strong></span> 
     </span>
     <span class='ocr_line' id='line_1_29' title="bbox 235 2749 1237 2824; baseline -0.003 -16"><span class='ocrx_word' id='word_1_222' title='bbox 235 2751 273 2809; x_wconf 94' lang='lat' dir='ltr'><strong>nis</strong></span> <span class='ocrx_word' id='word_1_223' title='bbox 292 2752 484 2811; x_wconf 89' lang='lat' dir='ltr'><strong>imitatiouem</strong></span> <span class='ocrx_word' id='word_1_224' title='bbox 497 2749 590 2811; x_wconf 83' lang='lat' dir='ltr'><strong>iactos</strong></span> <span class='ocrx_word' id='word_1_225' title='bbox 605 2768 678 2824; x_wconf 88' lang='lat' dir='ltr'><strong>esse,</strong></span> <span class='ocrx_word' id='word_1_226' title='bbox 700 2759 731 2810; x_wconf 92' lang='lat' dir='ltr'><strong>et</strong></span> <span class='ocrx_word' id='word_1_227' title='bbox 743 2751 780 2810; x_wconf 89' lang='lat' dir='ltr'><strong>ab</strong></span> <span class='ocrx_word' id='word_1_228' title='bbox 795 2753 862 2823; x_wconf 90' lang='lat' dir='ltr'><strong>ista,</strong></span> <span class='ocrx_word' id='word_1_229' title='bbox 883 2767 957 2822; x_wconf 88' lang='lat' dir='ltr'><strong>quae</strong></span> <span class='ocrx_word' id='word_1_230' title='bbox 970 2749 1072 2822; x_wconf 84' lang='lat' dir='ltr'><strong>fertur,</strong></span> <span class='ocrx_word' id='word_1_231' title='bbox 1093 2753 1237 2807; x_wconf 87' lang='lat' dir='ltr'><strong>vetustate</strong></span> 
     </span>
    </p>
   </div>
   <div class='ocr_carea' id='block_1_3' title="bbox 293 2920 1225 3079">
    <p class='ocr_par' dir='ltr' id='par_1_4' title="bbox 293 2920 1225 3079">
     <span class='ocr_line' id='line_1_30' title="bbox 293 2920 1225 3079; baseline -0.008 -63"><span class='ocrx_word' id='word_1_232' title='bbox 293 2963 329 3030; x_wconf 61' lang='grc' dir='ltr'><strong>1ὃ)</strong></span> <span class='ocrx_word' id='word_1_233' title='bbox 349 2920 494 3017; x_wconf 80' lang='lat' dir='ltr'><strong>Sublicium</strong></span> <span class='ocrx_word' id='word_1_234' title='bbox 513 2976 553 3028; x_wconf 91' lang='lat' dir='ltr'><strong>ea,</strong></span> <span class='ocrx_word' id='word_1_235' title='bbox 572 2966 611 3028; x_wconf 91' lang='lat' dir='ltr'><strong>ut,</strong></span> <span class='ocrx_word' id='word_1_236' title='bbox 629 2960 693 3045; x_wconf 74' lang='lat' dir='ltr'><strong>quid</strong></span> <span class='ocrx_word' id='word_1_237' title='bbox 710 2960 799 3029; x_wconf 88' lang='lat' dir='ltr'><strong>velim,</strong></span> <span class='ocrx_word' id='word_1_238' title='bbox 819 2977 853 3014; x_wconf 85' lang='lat' dir='ltr'><strong>ex</strong></span> <span class='ocrx_word' id='word_1_239' title='bbox 873 2961 925 3015; x_wconf 90' lang='lat' dir='ltr'><strong>hac</strong></span> <span class='ocrx_word' id='word_1_240' title='bbox 934 2961 1042 3079; x_wconf 53' lang='lat' dir='ltr'><strong>pagina</strong></span> <span class='ocrx_word' id='word_1_241' title='bbox 1063 2964 1196 3027; x_wconf 89' lang='lat' dir='ltr'><strong>appareat</strong></span> <span class='ocrx_word' id='word_1_242' title='bbox 1219 2976 1225 3009; x_wconf 78' lang='lat' dir='ltr'>z</span> 
     </span>
    </p>
   </div>
   <div class='ocr_carea' id='block_1_4' title="bbox 931 3029 1076 3148">
    <p class='ocr_par' dir='ltr' id='par_1_5' title="bbox 931 3029 1076 3148">
     <span class='ocr_line' id='line_1_31' title="bbox 951 3029 1076 3080; baseline 0.008 -1"><span class='ocrx_word' id='word_1_243' title='bbox 951 3046 965 3079; x_wconf 89' lang='grc' dir='ltr'><em>ε</em></span> <span class='ocrx_word' id='word_1_244' title='bbox 987 3029 1076 3080; x_wconf 86' lang='grc' dir='ltr'><em>οάων.</em></span> 
     </span>
     <span class='ocr_line' id='line_1_32' title="bbox 931 3096 996 3148; baseline 0.015 -1"><span class='ocrx_word' id='word_1_245' title='bbox 931 3096 996 3148; x_wconf 77' lang='grc' dir='ltr'><strong>λωνι</strong></span> 
     </span>
    </p>
   </div>
   <div class='ocr_carea' id='block_1_5' title="bbox 233 3025 1236 3846">
    <p class='ocr_par' dir='ltr' id='par_1_6' title="bbox 309 3025 933 3184">
     <span class='ocr_line' id='line_1_33' title="bbox 324 3025 920 3098; baseline -0.007 -15"><span class='ocrx_word' id='word_1_246' title='bbox 324 3029 346 3082; x_wconf 95' lang='grc' dir='ltr'><strong>Ι.</strong></span> <span class='ocrx_word' id='word_1_247' title='bbox 365 3028 532 3098; x_wconf 70' lang='grc' dir='ltr'><strong>Ἀμφιτρύων</strong></span> <span class='ocrx_word' id='word_1_248' title='bbox 549 3029 576 3093; x_wconf 85' lang='grc' dir='ltr'><strong>μ’</strong></span> <span class='ocrx_word' id='word_1_249' title='bbox 595 3029 736 3098; x_wconf 63' lang='lat' dir='ltr'><strong>caadursa,</strong></span> <span class='ocrx_word' id='word_1_250' title='bbox 755 3029 803 3080; x_wconf 80' lang='grc' dir='ltr'><strong>ἰὼν</strong></span> <span class='ocrx_word' id='word_1_251' title='bbox 825 3030 877 3081; x_wconf 81' lang='grc' dir='ltr'><strong>ἀπὸ</strong></span> <span class='ocrx_word' id='word_1_252' title='bbox 898 3025 920 3079; x_wconf 89' lang='grc' dir='ltr'><em>Τ</em></span> 
     </span>
     <span class='ocr_line' id='line_1_34' title="bbox 309 3048 933 3184; baseline -0.005 -34"><span class='ocrx_word' id='word_1_253' title='bbox 309 3097 346 3151; x_wconf 92' lang='grc' dir='ltr'><strong>ΙΙ.</strong></span> <span class='ocrx_word' id='word_1_254' title='bbox 365 3095 462 3184; x_wconf 64' lang='lat' dir='ltr'><strong>Eratis</strong></span> <span class='ocrx_word' id='word_1_255' title='bbox 479 3097 642 3168; x_wconf 76' lang='grc' dir='ltr'><em>πυγμαχέων</em></span> <span class='ocrx_word' id='word_1_256' title='bbox 660 3115 695 3161; x_wconf 88' lang='grc' dir='ltr'><strong>με</strong></span> <span class='ocrx_word' id='word_1_257' title='bbox 713 3097 816 3166; x_wconf 78' lang='grc' dir='ltr'><em>ἑκηβόλ</em></span> <span class='ocrx_word' id='word_1_258' title='bbox 849 3048 933 3182; x_wconf 48' lang='grc' dir='ltr'><strong>ιἈνιόῑ</strong></span> 
     </span>
    </p>

    <p class='ocr_par' dir='ltr' id='par_1_7' title="bbox 241 3161 1046 3302">
     <span class='ocr_line' id='line_1_35' title="bbox 241 3161 1046 3302; baseline -0.012 -9"><span class='ocrx_word' id='word_1_259' title='bbox 241 3284 244 3293; x_wconf 93' lang='grc'>.</span> <span class='ocrx_word' id='word_1_260' title='bbox 293 3234 342 3288; x_wconf 91' lang='lat'>111.</span> <span class='ocrx_word' id='word_1_261' title='bbox 363 3161 1046 3302; x_wconf 60' lang='lat' dir='ltr'><strong>tzitta}“titiis&#39;itlitttlttiiiito„</strong></span> 
     </span>
    </p>

    <p class='ocr_par' dir='ltr' id='par_1_8' title="bbox 355 3297 1067 3372">
     <span class='ocr_line' id='line_1_36' title="bbox 355 3297 1067 3372; baseline -0.006 -18"><span class='ocrx_word' id='word_1_262' title='bbox 355 3302 538 3372; x_wconf 78' lang='grc' dir='ltr'><em>μουναρχέων</em></span> <span class='ocrx_word' id='word_1_263' title='bbox 557 3301 676 3370; x_wconf 66' lang='grc' dir='ltr'><em>ἀνέθηκε</em></span> <span class='ocrx_word' id='word_1_264' title='bbox 694 3299 752 3352; x_wconf 77' lang='grc' dir='ltr'><em>τεῒν</em></span> <span class='ocrx_word' id='word_1_265' title='bbox 773 3301 935 3371; x_wconf 78' lang='grc' dir='ltr'><em>περικαλλὲς</em></span> <span class='ocrx_word' id='word_1_266' title='bbox 952 3297 1067 3367; x_wconf 70' lang='grc' dir='ltr'><em>ἄγαλμα.</em></span> 
     </span>
    </p>

    <p class='ocr_par' dir='ltr' id='par_1_9' title="bbox 233 3363 1236 3846">
     <span class='ocr_line' id='line_1_37' title="bbox 235 3363 1232 3445; baseline -0.011 -21"><span class='ocrx_word' id='word_1_267' title='bbox 235 3434 240 3445; x_wconf 35' lang='lat'>⁸</span> <span class='ocrx_word' id='word_1_268' title='bbox 293 3371 325 3424; x_wconf 92' lang='lat' dir='ltr'><strong>In</strong></span> <span class='ocrx_word' id='word_1_269' title='bbox 349 3369 437 3438; x_wconf 92' lang='lat' dir='ltr'><strong>primo</strong></span> <span class='ocrx_word' id='word_1_270' title='bbox 464 3384 544 3423; x_wconf 86' lang='lat' dir='ltr'><strong>versu</strong></span> <span class='ocrx_word' id='word_1_271' title='bbox 567 3384 617 3436; x_wconf 91' lang='lat' dir='ltr'><strong>pro</strong></span> <span class='ocrx_word' id='word_1_272' title='bbox 639 3370 710 3436; x_wconf 81' lang='lat' dir='ltr'><strong>vulg.</strong></span> <span class='ocrx_word' id='word_1_273' title='bbox 734 3370 787 3421; x_wconf 81' lang='grc' dir='ltr'><strong>ἐών</strong></span> <span class='ocrx_word' id='word_1_274' title='bbox 817 3371 927 3436; x_wconf 90' lang='lat' dir='ltr'><strong>reposui</strong></span> <span class='ocrx_word' id='word_1_275' title='bbox 952 3383 1013 3422; x_wconf 89' lang='lat' dir='ltr'><strong>cum</strong></span> <span class='ocrx_word' id='word_1_276' title='bbox 1028 3365 1166 3445; x_wconf 82' lang='lat' dir='ltr'><strong>nonnullis</strong></span> <span class='ocrx_word' id='word_1_277' title='bbox 1184 3363 1232 3415; x_wconf 78' lang='grc' dir='ltr'><strong>ἰών</strong></span> 
     </span>
     <span class='ocr_line' id='line_1_38' title="bbox 234 3436 1236 3502; baseline -0.003 -16"><span class='ocrx_word' id='word_1_278' title='bbox 234 3450 247 3486; x_wconf 89' lang='grc' dir='ltr'><strong>ι.</strong></span> <span class='ocrx_word' id='word_1_279' title='bbox 264 3452 285 3493; x_wconf 90' lang='lat' dir='ltr'><strong>e.</strong></span> <span class='ocrx_word' id='word_1_280' title='bbox 305 3437 394 3491; x_wconf 76' lang='grc' dir='ltr'><em>ἀνιών.</em></span> <span class='ocrx_word' id='word_1_281' title='bbox 417 3437 523 3490; x_wconf 80' lang='lat' dir='ltr'><strong>(leteris</strong></span> <span class='ocrx_word' id='word_1_282' title='bbox 541 3438 702 3492; x_wconf 87' lang='lat' dir='ltr'><strong>coniecturis</strong></span> <span class='ocrx_word' id='word_1_283' title='bbox 719 3437 767 3491; x_wconf 87' lang='lat' dir='ltr'><strong>vix</strong></span> <span class='ocrx_word' id='word_1_284' title='bbox 784 3438 859 3492; x_wconf 91' lang='lat' dir='ltr'><strong>locus</strong></span> <span class='ocrx_word' id='word_1_285' title='bbox 877 3443 932 3502; x_wconf 75' lang='lat' dir='ltr'><strong>est,</strong></span> <span class='ocrx_word' id='word_1_286' title='bbox 957 3436 1064 3489; x_wconf 90' lang='lat' dir='ltr'><strong>minime</strong></span> <span class='ocrx_word' id='word_1_287' title='bbox 1090 3448 1130 3495; x_wconf 89' lang='lat' dir='ltr'><strong>er,</strong></span> <span class='ocrx_word' id='word_1_288' title='bbox 1155 3447 1236 3500; x_wconf 92' lang='lat' dir='ltr'><strong>quam</strong></span> 
     </span>
     <span class='ocr_line' id='line_1_39' title="bbox 233 3499 1235 3624; baseline -0.007 -66"><span class='ocrx_word' id='word_1_289' title='bbox 233 3511 288 3624; x_wconf 53' lang='lat' dir='ltr'><strong>ficet</strong></span> <span class='ocrx_word' id='word_1_290' title='bbox 309 3505 462 3560; x_wconf 88' lang='lat' dir='ltr'><strong>Bentleiunn</strong></span> <span class='ocrx_word' id='word_1_291' title='bbox 482 3521 573 3572; x_wconf 86' lang='lat' dir='ltr'><strong>nuper</strong></span> <span class='ocrx_word' id='word_1_292' title='bbox 594 3505 687 3572; x_wconf 87' lang='lat' dir='ltr'><strong>plures</strong></span> <span class='ocrx_word' id='word_1_293' title='bbox 711 3505 843 3572; x_wconf 86' lang='lat' dir='ltr'><strong>fecerunt,</strong></span> <span class='ocrx_word' id='word_1_294' title='bbox 860 3506 980 3574; x_wconf 75' lang='grc' dir='ltr'><em>ἀνέθηκε</em></span> <span class='ocrx_word' id='word_1_295' title='bbox 999 3504 1076 3556; x_wconf 88' lang='grc' dir='ltr'><em>νέων.</em></span> <span class='ocrx_word' id='word_1_296' title='bbox 1115 3502 1157 3570; x_wconf 89' lang='lat' dir='ltr'><strong>[ut</strong></span> <span class='ocrx_word' id='word_1_297' title='bbox 1173 3499 1235 3577; x_wconf 76' lang='lat' dir='ltr'><strong>lion</strong></span> 
     </span>
     <span class='ocr_line' id='line_1_40' title="bbox 258 3564 1235 3641; baseline -0.011 -13"><span class='ocrx_word' id='word_1_298' title='bbox 258 3573 344 3628; x_wconf 81' lang='lat' dir='ltr'><strong>triano</strong></span> <span class='ocrx_word' id='word_1_299' title='bbox 362 3572 551 3641; x_wconf 81' lang='lat' dir='ltr'><strong>Valguarnera</strong></span> <span class='ocrx_word' id='word_1_300' title='bbox 561 3581 625 3626; x_wconf 87' lang='lat' dir='ltr'><strong>ante</strong></span> <span class='ocrx_word' id='word_1_301' title='bbox 645 3572 736 3640; x_wconf 81' lang='lat' dir='ltr'><strong>Bergl.</strong></span> <span class='ocrx_word' id='word_1_302' title='bbox 746 3579 774 3626; x_wconf 90' lang='lat' dir='ltr'><strong>et</strong></span> <span class='ocrx_word' id='word_1_303' title='bbox 788 3573 875 3626; x_wconf 84' lang='lat' dir='ltr'><strong>Wess</strong></span> <span class='ocrx_word' id='word_1_304' title='bbox 888 3573 949 3627; x_wconf 91' lang='lat' dir='ltr'><strong>dell&#39;</strong></span> <span class='ocrx_word' id='word_1_305' title='bbox 962 3572 1064 3640; x_wconf 79' lang='lat' dir='ltr'><strong>origine</strong></span> <span class='ocrx_word' id='word_1_306' title='bbox 1077 3568 1112 3621; x_wconf 92' lang='lat' dir='ltr'><strong>ed</strong></span> <span class='ocrx_word' id='word_1_307' title='bbox 1124 3564 1235 3620; x_wconf 88' lang='lat' dir='ltr'><strong>antrehr·</strong></span> 
     </span>
     <span class='ocr_line' id='line_1_41' title="bbox 234 3634 1233 3708; baseline -0.011 -12"><span class='ocrx_word' id='word_1_308' title='bbox 234 3639 257 3692; x_wconf 71' lang='lat' dir='ltr'><strong>ti</strong></span> <span class='ocrx_word' id='word_1_309' title='bbox 271 3641 428 3696; x_wconf 86' lang='lat' dir='ltr'><strong>diPalermo</strong></span> <span class='ocrx_word' id='word_1_310' title='bbox 438 3645 467 3694; x_wconf 86' lang='lat' dir='ltr'><strong>et</strong></span> <span class='ocrx_word' id='word_1_311' title='bbox 475 3639 592 3695; x_wconf 86' lang='lat' dir='ltr'><strong>Thomas</strong></span> <span class='ocrx_word' id='word_1_312' title='bbox 598 3640 729 3695; x_wconf 90' lang='lat' dir='ltr'><strong>Perellius</strong></span> <span class='ocrx_word' id='word_1_313' title='bbox 751 3656 795 3708; x_wconf 91' lang='lat' dir='ltr'><strong>ap.</strong></span> <span class='ocrx_word' id='word_1_314' title='bbox 803 3640 942 3703; x_wconf 90' lang='lat' dir='ltr'><strong>Villoison‚</strong></span> <span class='ocrx_word' id='word_1_315' title='bbox 956 3638 1157 3701; x_wconf 73' lang='lat' dir='ltr'><strong>anecdilrbp.</strong></span> <span class='ocrx_word' id='word_1_316' title='bbox 1166 3634 1233 3696; x_wconf 60' lang='lat'><strong>129]</strong></span> 
     </span>
     <span class='ocr_line' id='line_1_42' title="bbox 233 3701 1234 3782; baseline -0.012 -20"><span class='ocrx_word' id='word_1_317' title='bbox 233 3701 309 3763; x_wconf 79' lang='lat' dir='ltr'><strong>Dandi</strong></span> <span class='ocrx_word' id='word_1_318' title='bbox 326 3709 530 3778; x_wconf 87' lang='lat' dir='ltr'><strong>primumerant</strong></span> <span class='ocrx_word' id='word_1_319' title='bbox 543 3715 667 3762; x_wconf 87' lang='lat' dir='ltr'><strong>auctores</strong></span> <span class='ocrx_word' id='word_1_320' title='bbox 686 3709 767 3763; x_wconf 82' lang='lat' dir='ltr'><strong>huius</strong></span> <span class='ocrx_word' id='word_1_321' title='bbox 780 3709 883 3763; x_wconf 85' lang='lat' dir='ltr'><strong>formae</strong></span> <span class='ocrx_word' id='word_1_322' title='bbox 901 3708 1005 3762; x_wconf 85' lang='lat' dir='ltr'><strong>activae</strong></span> <span class='ocrx_word' id='word_1_323' title='bbox 1019 3710 1129 3782; x_wconf 78' lang='lat' dir='ltr'><strong>praeter</strong></span> <span class='ocrx_word' id='word_1_324' title='bbox 1141 3701 1234 3753; x_wconf 85' lang='lat' dir='ltr'><strong>Gram-</strong></span> 
     </span>
     <span class='ocr_line' id='line_1_43' title="bbox 234 3769 1234 3846; baseline -0.008 -20"><span class='ocrx_word' id='word_1_325' title='bbox 234 3777 331 3832; x_wconf 85' lang='lat' dir='ltr'><strong>maticos</strong></span> <span class='ocrx_word' id='word_1_326' title='bbox 348 3777 483 3846; x_wconf 89' lang='lat' dir='ltr'><strong>quosdam</strong></span> <span class='ocrx_word' id='word_1_327' title='bbox 501 3783 527 3829; x_wconf 91' lang='lat' dir='ltr'><strong>et</strong></span> <span class='ocrx_word' id='word_1_328' title='bbox 545 3783 701 3845; x_wconf 88' lang='lat' dir='ltr'><strong>corruptum</strong></span> <span class='ocrx_word' id='word_1_329' title='bbox 735 3792 842 3831; x_wconf 89' lang='lat' dir='ltr'><strong>versum</strong></span> <span class='ocrx_word' id='word_1_330' title='bbox 853 3778 951 3846; x_wconf 85' lang='lat' dir='ltr'><strong>Hymn.</strong></span> <span class='ocrx_word' id='word_1_331' title='bbox 961 3776 1040 3828; x_wconf 88' lang='lat' dir='ltr'><strong>Hom.</strong></span> <span class='ocrx_word' id='word_1_332' title='bbox 1061 3786 1090 3824; x_wconf 89' lang='grc' dir='ltr'><strong>ιιι</strong></span> <span class='ocrx_word' id='word_1_333' title='bbox 1102 3769 1161 3822; x_wconf 84' lang='lat' dir='ltr'><strong>cer.</strong></span> <span class='ocrx_word' id='word_1_334' title='bbox 1176 3770 1234 3820; x_wconf 82' lang='lat'><strong>395.</strong></span> 
     </span>
    </p>
   </div>
   <div class='ocr_carea' id='block_1_6' title="bbox 255 3869 1091 3922">
    <p class='ocr_par' dir='ltr' id='par_1_10' title="bbox 255 3869 1091 3922">
     <span class='ocr_line' id='line_1_44' title="bbox 255 3869 1091 3922; baseline -0.004 -12"><span class='ocrx_word' id='word_1_335' title='bbox 255 3869 332 3922; x_wconf 85' lang='lat' dir='ltr'><strong>Woli,</strong></span> <span class='ocrx_word' id='word_1_336' title='bbox 345 3873 515 3920; x_wconf 73' lang='lat' dir='ltr'><strong>Prolagornana.</strong></span> <span class='ocrx_word' id='word_1_337' title='bbox 1075 3869 1091 3907; x_wconf 79' lang='lat' dir='ltr'><strong>b</strong></span> 
     </span>
    </p>
   </div>
   <div class='ocr_carea' id='block_1_7' title="bbox 0 0 1522 4434">
    <p class='ocr_par' dir='ltr' id='par_1_11' title="bbox 0 0 1522 4434">
     <span class='ocr_line' id='line_1_45' title="bbox 0 0 1522 4434; baseline 0 1"><span class='ocrx_word' id='word_1_338' title='bbox 0 0 1522 4434; x_wconf 95' lang='lat' dir='ltr'><strong> </strong></span> 
     </span>
    </p>
   </div>
  </div>
 </body>
</html>
