3034 4434
728 546 908 602 ..90-

267 702 305 742 1⁴⁸
317 695 362 754 Ibi
381 693 548 753 fabulantur
566 693 679 752 infimae
693 695 799 752 aetatis
813 693 1010 767 Grammatici,
1029 703 1187 768 postquam
1203 697 1320 757 Homeri

319 787 409 845 opera
428 772 593 843 periissent,
613 771 754 828 incertum
772 772 835 843 igni
854 779 898 830 αα
910 778 1097 831 motuterrae
1117 789 1157 832 an
1173 776 1259 846 aquis
1271 775 1320 835 at

318 905 522 918 ———-—

317 971 385 1039 γδς,
408 968 497 1020 θέλων
523 968 612 1038 ἑαυτῷ
635 968 716 1027 δόξαν
744 970 990 1038 περιποιήσασθαι,
1014 969 1057 1020 καί
1083 971 1118 1022 τὰ
1136 974 1189 1023 τοῦ
1201 968 1320 1043 Ὁμήρου

317 1039 484 1098 ἀνανεωσαι,
512 1036 637 1088 τοιοῦτόν
663 1053 689 1087 τι
712 1035 907 1100 ἐβουλεύσατο.
947 1034 1088 1107 Ἐκήρυξεν
1119 1041 1149 1090 ἐν
1180 1041 1258 1111 πάση
1285 1043 1320 1093 τί

314 1103 427 1168 Ἑλλάδι,
455 1107 500 1158 τδν
519 1103 618 1175 ἔχοντα
631 1103 791 1188 Ὁμηρικοὺς
814 1105 921 1176 στίχους
937 1106 1050 1174 ἀγαγεῖν
1068 1108 1138 1172 πρὸς
1155 1107 1250 1170 αὑτόν,
1277 1079 1321 1160 ἐπλ

318 1177 413 1239 moto
435 1175 580 1243 ὡρισμένῳ
604 1173 666 1224 καθ’
690 1189 804 1224 εκαστον
831 1174 939 1260 στίχον·
961 1175 1064 1234 πάντες
1087 1174 1136 1227 οὖν
1161 1176 1187 1227 οῖ
1211 1176 1321 1248 ἔχοντες

319 1226 477 1313 ἀπέφερον,
503 1241 547 1294 καί
574 1240 730 1305 ἐλάμβανον
757 1242 949 1310 ἀδιαστροφως
970 1243 1017 1294 τδν
1040 1244 1192 1311 ὁρισθέντα
1209 1246 1320 1313 μισθόν,

323 1312 376 1364 Οὐκ
393 1312 526 1364 ἀπεδίωκε
544 1309 574 1361 δὲ
592 1309 655 1361 οδδέ
672 1311 719 1360 τὸν
738 1311 864 1377 φέροντα
889 1311 937 1370 οὓς
959 1311 1012 1381 ήδη
1031 1311 1192 1382 προειλήφει
1210 1313 1320 1385 στίχους

318 1380 379 1451 παρ’
401 1381 516 1449 ἑτέρου,
541 1379 608 1430 ἀλλὰ
634 1377 749 1450 κᾴκείνῳ
767 1379 813 1429 τδν
833 1379 916 1430 αὐτὸν
940 1379 1065 1432 ἐπεδίδου
1088 1381 1203 1443 μισθόν·
1232 1381 1322 1435 ἐνίοτε

316 1451 374 1538 γὰρ
397 1450 426 1500 ἐν
451 1449 544 1511 αὐτοῖς
568 1445 616 1508 ἕνα
634 1448 650 1516 ἢ
670 1447 719 1496 δύο
738 1446 848 1517 στίχους
870 1447 980 1513 εόρισκε
998 1449 1158 1517 περιττούς.
1185 1451 1274 1504 ἐνίοτε
1292 1451 1322 1503 δὲ

317 1537 361 1571 και
379 1517 497 1576 πλείους·
516 1517 583 1568 ὅθεν
602 1533 642 1575 τις
660 1513 717 1566 ἔσθ’
738 1516 787 1566 ὅτε
803 1517 847 1566 καί
864 1515 945 1575 ἰδίους
963 1517 1169 1587 παρειςέφερε,
1194 1519 1258 1578 τοὺς
1275 1522 1321 1572 νῦν

318 1587 535 1652 δβελιζομένους,
574 1579 625 1635 liat
647 1584 719 1647 μετὰ
742 1585 773 1635 τδ
797 1585 900 1642 πάντας
923 1588 1103 1653 συναγαγεῖν,
1130 1586 1321 1654 παρεκάλεσεν

318 1653 367 1721 οβ’
390 1656 417 1722 (ό
440 1655 533 1722 Allot.)
557 1651 762 1734 γραμματικοὺς
786 1654 971 1706 συνθεῖναι
1001 1654 1039 1705 τὰ
1068 1658 1131 1706 τοῦ
1159 1654 1323 1725 Ὁμήρου,

318 1725 432 1777 ἕκαστον
451 1724 508 1775 κατ’
527 1723 605 1787 ἰδιαν,
624 1722 696 1778 ὅπως
713 1718 745 1770 ἂν
766 1719 832 1790 δόξῃ
852 1726 891 1773 τῶ
909 1724 1067 1775 συντεθέντι
1077 1723 1165 1782 καλῶς
1176 1723 1261 1794 ἔχειν,
1279 1725 1322 1777 ἐπὶ

317 1795 409 1863 μισθῷ
427 1794 559 1860 πρέποντι
577 1789 689 1855 λογικοῖς
704 1789 820 1857 ἀνδράσι
837 1772 881 1840 καί
898 1794 1004 1858 κριταῖς
1020 1793 1187 1860 ποιημάτων,
1215 1793 1322 1863 ἑκάστῳ

319 1862 443 1918 δεδωκὼς
469 1860 574 1915 πάντας
598 1859 662 1915 τοὺς
686 1858 793 1927 στίχους
817 1860 877 1909 κατ’
895 1859 974 1918 ἰδίαν,
992 1862 1074 1919 ὅσους
1091 1860 1124 1929 ήν
1144 1862 1322 1930 συναγαγών·

318 1931 361 1983 καὶ
378 1929 449 1991 μετὰ
467 1929 498 1979 τδ
516 1925 629 1976 ἕκαστον
649 1928 790 1977 συνθεῖναι
807 1927 875 1978 κατὰ
892 1930 942 1997 τήν
961 1929 1060 1980 ἑαυτοῦ
1083 1928 1211 1998 γνώμην,
1237 1931 1278 1989 εἰς
1294 1930 1322 1981 ἓν

319 1998 455 2067 συνήγαγε
479 1997 582 2051 πάντας
605 1993 667 2052 τοὺς
691 1995 773 2060 προλε
794 1995 893 2055 θέντας
918 1997 1139 2064 γραμματικοὺς,
1164 1998 1324 2065 ὀφείλοντας

320 2061 452 2123 ἐπιδεῖξαι
469 2065 545 2132 αὐτῷ
563 2061 676 2114 ἕκαστον
695 2066 743 2131 τήν
762 2013 831 2115 ἰδίαν
850 2065 989 2125 σύνθεσιν,
1008 2067 1152 2134 παρόντων
1171 2068 1240 2129 ὁμοῦ
1259 2068 1323 2119 πάν·

319 2154 382 2187 των.
414 2131 493 2184 θῦτοι
511 2133 556 2185 οὖν
576 2130 786 2198 ἀκροασάμενοι,
807 2132 841 2183 οὐ
859 2135 930 2201 πρδς
948 2133 1016 2203 ἔριν,
1035 2134 1103 2186 ἀλλὰ
1120 2135 1196 2203 πρὸς
1212 2137 1244 2187 τδ
1262 2136 1321 2205 άλη·

318 2204 375 2271 θές,
393 2201 437 2253 καί
455 2204 507 2253 πᾶν
527 2201 558 2253 τὸ
576 2199 612 2270 τῇ
631 2201 731 2268 (πάντη
751 2199 845 2263 Allat.)
862 2203 945 2272 τέχνη
966 2204 1098 2270 ἁρμόζον,
1127 2203 1239 2271 ἔκριναν
1259 2206 1321 2256 πάν·

319 2291 366 2331 τες
383 2272 458 2341 κοινή
476 2270 518 2321 καί
536 2267 692 2336 ὁμοφώνως,
713 2272 893 2338 ἐπικρατῆσαι
911 2273 960 2339 τὴν
974 2272 1106 2323 σύνθεσιν
1120 2274 1163 2324 καί
1176 2273 1322 2341 διόρθωσιν

318 2339 492 2410 Ἀριστάρχου
510 2339 554 2390 καί
572 2336 739 2408 Ζηνοδότυυ·
759 2337 803 2388 καὶ
821 2339 898 2390 πάλιν
913 2338 1021 2408 ἔκριναν
1035 2345 1089 2391 τῶν
1101 2340 1150 2391 δύο
1165 2342 1321 2393 συνθέσεάν

319 2428 351 2463 τε
368 2409 419 2462 ,καὶ
436 2409 613 2477 διορθώσεων
637 2404 765 2469 βελτίονα
794 2408 844 2476 τὴν
861 2407 1043 2479 Ἀριστάρχου.
1080 2406 1149 2460 ’Erret
1173 2410 1179 2427 “
1203 2411 1234 2460 δέ
1252 2427 1324 2469 τινες

319 2484 373 2530 τῶν
393 2479 602 2545 συναγαγόντων
622 2473 685 2532 τοὺς
699 2473 861 2543 Ὁμηρικοὺς
878 2477 987 2546 στίχους
1005 2480 1072 2544 πρὸς
1089 2479 1134 2530 τὸν
1155 2476 1174 2530 Ι
1181 2477 1321 2546 εισίστρα-

319 2566 373 2615 τον,
393 2546 435 2598 διὰ
453 2548 484 2598 τὸ
502 2546 612 2596 πλείονα
628 2544 726 2605 μισθὸν
745 2543 852 2607 λαβεῖν,
877 2546 919 2595 καὶ
937 2545 1017 2604 ἰδίους
1034 2546 1153 2616 στίχους,
1177 2547 1215 2606 ὡς
1231 2546 1324 2615 προεί·

318 2635 407 2686 ρηται,
427 2616 595 2680 σκεψάμενοι
615 2613 793 2681 προςέθηκαν,
813 2613 855 2663 καὶ
873 2614 924 2682 ήδη
943 2615 972 2664 ἐν
983 2615 1117 2684 συνηθείᾳ
1131 2616 1260 2683 ἐγένοντο
1270 2618 1324 2673 τοῖς

319 2684 560 2752 ἀναγινώσκουσιν·
580 2683 628 2733 οὐκ
647 2679 730 2731 έλαθε
748 2685 832 2733 τοῦτο
852 2683 916 2740 τοὺς
933 2686 1036 2751 κριτάς,
1056 2682 1123 2736 ἀλλὰ
1143 2683 1192 2746 μὲν
1212 2684 1256 2734 διὰ
1274 2686 1322 2753 τὴν

320 2753 466 2821 συνήθειαν
491 2752 534 2801 καί
558 2750 691 2819 πρόληψιν
718 2749 823 2817 ἀφῆκαν
848 2733 945 2808 αδτοδς
971 2753 1089 2813 κεῖσθαι,
1116 2752 1278 2817 ὀβελίσκους
1295 2753 1325 2803 δὲ

319 2821 425 2872 ἑκάστω
447 2824 502 2870 τῶν
530 2820 660 2881 ἀδοκίμων
684 2818 727 2869 καί
751 2818 900 2886 ἀλλοτρίων
928 2819 971 2870 καί
997 2819 1114 2878 ἀναξίων
1140 2825 1190 2872 τοῦ
1208 2824 1323 2890 ποιητοῦ

320 2871 420 2958 στίχων
439 2889 656 2955 παρατιθέμενοι
689 2891 772 2938 τοῦτο
790 2887 856 2937 αὐτὸ
874 2887 1062 2949 ἐπεδείξαντο,
1088 2889 1125 2948 άνς
1143 2889 1254 2949 ἀνάξιοί
1270 2889 1322 2942 εἰσι

320 2961 368 3008 τοῦ
384 2954 513 3025 (θρήρου.
550 2955 611 3009 Νοα
629 2955 818 3020 indoctasunt
845 2972 914 3022 quae
933 2956 960 3007 in
978 2956 1020 3010 his
1038 2958 1180 3023 postremis
1198 2958 1223 3011 lc
1263 2964 1325 3010 ntur

320 3024 353 3078 de
377 3025 508 3091 suspectis
532 3024 652 3090 versibus
680 3025 707 3075 in
732 3040 781 3077 sua
804 3024 866 3077 sede
886 3024 1000 3077 relictis:
1025 3041 1078 3092 qua
1097 3026 1129 3079 de
1149 3042 1178 3078 rc
1197 3027 1269 3080 in'a
1286 3025 1323 3077 di·

319 3109 377 3146 cam
395 3093 421 3144 in
441 3092 586 3146 Zenodoto.
622 3093 736 3146 Brevius
753 3092 827 3145 aliud
845 3092 932 3146 Schol.
951 3094 1027 3146 cuius
1045 3095 1150 3147 initium
1169 3097 1197 3147 in
1214 3103 1270 3147 not.
1283 3098 1323 3148 39.

319 3160 389 3228 dedi,
408 3161 446 3213 sic
464 3169 557 3213 narrat
574 3161 607 3213 tle
625 3161 780 3214 Pisistrato:
810 3160 970 3231 Ἐθέλησε
989 3165 1049 3231 τὴν
1065 3162 1210 3232 Ὁμήρου
1229 3164 1323 3232 ποίη-

320 3249 372 3281 σιν
397 3229 571 3298 ἔγγραφον
597 3231 909 3297 διαφυλάττεσθαι·
934 3232 1050 3298 προθεὶς
1073 3233 1104 3283 δὲ
1130 3233 1223 3300 ἀγῶνα
1247 3233 1324 3303 δημο·

320 3299 401 3384 τελή,
425 3301 468 3349 καὶ
487 3297 618 3367 κηρύξας,
641 3300 687 3349 καί
707 3299 771 3356 δοὺς
795 3296 887 3352 ἄδειαν
908 3304 964 3357 τοῖς
982 3299 1068 3351 εἰδόσι
1086 3300 1131 3353 καί
1147 3301 1324 3368 βουλομένοις

320 3367 354 3418 τὰ
382 3365 491 3435 θμήρυυ
521 3367 734 3426 ἐπιδείκνυσθαι,
764 3369 807 3418 καὶ
832 3368 931 3429 μισθὸν
965 3367 1049 3426 τάξας
1075 3370 1169 3440 στίχου
1202 3371 1322 3422 ἑκάστου

320 3435 428 3499 ὀβολόν,
448 3436 599 3503 συνήγαγεν
619 3436 781 3506 δλοσχερεῖς
799 3437 848 3495 τὰς
865 3436 961 3497 λέξεις,
979 3437 1023 3488 καὶ
1041 3438 1200 3506 παρέδωκεν
1215 3441 1323 3508 ἀνθρά-

319 3522 378 3562 ποις
397 3505 490 3570 σοφοῖς
513 3503 557 3553 καὶ
574 3503 757 3571 ἐπιστήμοσιν.
794 3504 847 3558 Hic
871 3521 939 3557 unus
958 3513 999 3558 cst
1017 3522 1031 3558 e
1050 3505 1252 3574 Grammaticis,
1277 3508 1323 3575 qui

318 3575 428 3637 primum
446 3571 572 3636 exemplar
596 3590 613 3620 α
632 3573 767 3623 Pisiatroto
790 3585 911 3636 paratum
931 3572 1029 3626 diserte
1048 3573 1196 3627 confirmat.
1232 3579 1323 3629 Antea

320 3657 374 3693 non
392 3641 565 3706 scripturam,
589 3639 635 3691 scd
658 3641 737 3690 ευίαιο
755 3641 983 3693 διδασκαλίαν
1002 3642 1199 3709 rhapsodorum
1216 3661 1321 3698 conser-

320 3709 407 3762 vando
426 3709 546 3761 Homero
565 3707 712 3760 adhibitam
733 3724 792 3762 esse
817 3709 888 3762 dicit.
934 3709 1000 3762 Tam
1026 3711 1125 3764 diserte
1149 3713 1218 3767 haec
1244 3728 1321 3768 nemo

321 3777 399 3831 docet
415 3786 525 3845 practer
542 3777 700 3844 Iosephum;
719 3787 748 3830 at
766 3776 860 3830 eadem
877 3785 967 3831 tamen
986 3779 1083 3833 docent
1102 3795 1203 3835 omnes.
