3034 4434
692 542 875 601 ,γὸ-

286 697 382 757 eidem
403 696 470 755 olim
490 694 578 753 dubio
598 711 712 753 rumore
732 695 850 753 tributa.
880 695 1013 767 Denique
1027 695 1118 754 etiam
1130 702 1288 768 postremo

286 791 350 831 rum
371 779 532 845 temporum
552 776 656 844 poetae
676 771 886 843 quodammodo
906 772 1071 844 ostendunt,
1092 788 1125 830 se
1146 772 1184 831 de
1205 770 1289 831 artifi-

285 852 363 910 cioso
387 854 523 908 contextu
541 847 654 907 Jliados
668 865 686 907 a
701 848 903 908 Grammaticis
916 865 973 908 non
986 849 1170 907 dissensisse.
1200 851 1290 922 Quam

287 928 387 1000 inepto
409 927 482 983 enim
503 926 676 998 consilicis
698 942 784 998 quem
803 927 889 998 vulgo
911 927 1046 998 Quintum
1066 925 1224 985 Calabrum
1244 944 1290 986 vo

292 1009 368 1074 cant,
388 1002 559 1076 rhapsodias
580 1019 647 1060 suas
667 1004 747 1060 velut
766 1004 907 1062 maturius
920 1002 1062 1076 abruptae
1075 1003 1163 1061 Iliadi
1176 1005 1292 1077 supple-

291 1088 420 1138 mentum
441 1081 626 1150 attexuisset,
653 1080 710 1136 nisi
737 1081 870 1153 exempla
891 1081 1020 1153 priorum
1039 1086 1205 1153 temporum
1224 1086 1291 1140 ante

291 1159 390 1216 oculos
417 1156 579 1215 habuisset!
607 1156 762 1229 culpamus
789 1157 905 1228 quidem
926 1174 1005 1229 eum,
1030 1162 1171 1229 tanquam
1190 1157 1292 1216 rudem

295 1240 525 1307 praeceptorum,
551 1249 626 1305 quae
649 1250 724 1291 nunc
743 1235 828 1306 pueri
848 1250 884 1292 ex
901 1235 1053 1293 Batteusio
1072 1234 1204 1293 discunt.-
1224 1252 1292 1293 num

294 1311 387 1369 minus
408 1312 598 1384 culparemus
619 1311 644 1368 si
663 1309 738 1369 forte
757 1311 852 1370 Iliada
871 1313 901 1368 in
920 1310 1018 1370 reditu
1030 1311 1152 1369 Achillis
1172 1310 1291 1385 finitam,

290 1393 379 1460 atque
399 1387 466 1446 inde
486 1388 530 1454 ad,
543 1388 679 1446 Hectoris
699 1385 784 1445 funus
805 1388 841 1447 ab
855 1389 906 1447 illo
920 1389 1083 1461 suppletam
1095 1388 1291 1447 haberemus?

289 1464 520 1525 Accommodare
541 1470 570 1523 et
590 1465 765 1537 subiungere
786 1481 817 1523 se
837 1465 924 1523 rebus
944 1467 1000 1523 scit
1012 1465 1198 1538 philosophia
1210 1467 1290 1539 artis,

286 1559 343 1601 non
363 1559 430 1602 raro
452 1543 539 1600 etiam
559 1539 694 1600 fortuitis.
731 1541 902 1614 catalogum
922 1544 1070 1616 copiarum
1089 1543 1115 1600 si
1134 1559 1193 1602 non
1213 1543 1290 1616 lege-

286 1635 382 1678 remus
405 1620 438 1677 Il.
458 1620 504 1692 B.,
529 1619 580 1677 illa
600 1618 680 1690 nihil,
701 1623 781 1691 puto,
802 1621 938 1678 omissum
958 1626 1148 1691 quereretur3
1169 1618 1289 1679 forsitan

230 1713 269 1753 raa
286 1697 366 1756 adeo
387 1713 451 1754 eam
471 1701 583 1770 partem
593 1695 733 1768 historici,
752 1712 809 1754 non
822 1702 928 1769 poetae
941 1712 1005 1755 esse
1019 1696 1175 1769 docuisset,
1194 1697 1288 1755 riden-

294 1775 419 1845 dumque
440 1789 513 1845 esse,
534 1773 583 1844 qui
602 1773 722 1831 heroum
741 1773 875 1832 notitiam
894 1773 1004 1845 absque
1024 1789 1060 1832 ea
1079 1789 1213 1832 mancam
1234 1775 1288 1833 exi·

283 1852 414 1909 stimaret
446 1855 466 1923 ).

724 2061 850 2142 XXX.

364 2233 405 2291 At
424 2233 493 2291 lieet
512 2238 643 2291 veterum
661 2235 794 2308 plerique
814 2233 967 2294 artificium
987 2239 1151 2294 structurae
1171 2242 1202 2294 et
1214 2252 1286 2295 com·

291 2311 444 2383 positionis
465 2309 628 2368 Carminum
642 2311 860 2371 Homericorum
880 2313 926 2370 vel
945 2313 1072 2370 assecuti
1085 2329 1143 2372 non
1156 2314 1223 2385 sint,
1243 2313 1287 2371 vel

285 2389 378 2446 minus
393 2394 538 2460 accurate,
549 2404 635 2459 quam
647 2388 734 2448 hodie
748 2391 882 2461 solemus,
896 2388 1097 2462 existimarint,
1110 2395 1210 2452 tamen
1220 2390 1285 2462 quin

283 2466 354 2524 insit
373 2467 404 2523 in
424 2466 459 2523 iis
481 2465 607 2537 aliquod,
622 2465 755 2525 dubitari
775 2467 853 2525 nullo
873 2472 958 2540 pacto
978 2472 1083 2541 potest.
1124 2466 1176 2525 Sin
1190 2472 1285 2526 autem

290 2543 463 2614 dubitamus,
488 2542 645 2601 Homerine
664 2542 695 2600 id
721 2544 773 2616 sit,
794 2560 832 2601 an
850 2543 891 2601 ab
908 2544 974 2602 aliis
993 2544 1126 2617 ingeniis,
1146 2543 1285 2602 invitante

291 2621 354 2693 ipso
375 2625 545 2692 argumento
559 2636 657 2678 eorum
678 2624 708 2678 et
721 2620 823 2679 ordine
836 2619 962 2693 fabulae,
982 2621 1132 2693 adscitum,
1154 2620 1285 2692 quaestio

280 2697 354 2755 haec
375 2703 419 2754 est
439 2695 589 2769 eiusmodi,
616 2697 646 2755 in
666 2713 723 2767 qua
736 2714 802 2769 non,
823 2696 892 2769 quid
905 2699 1027 2770 poeticis
1040 2697 1155 2770 legibus
1167 2713 1284 2758 eonsen-

241 2799 243 2804 v
288 2778 405 2831 taneum
419 2778 587 2845 empostae
600 2771 786 2833 honorificum
799 2780 942 2847 putemus,
962 2775 1152 2849 spectandum
1166 2776 1216 2844 sit,
1235 2773 1284 2833 sed

287 2848 357 2920 quid
379 2865 414 2906 ex
433 2848 577 2908 historicis
598 2856 628 2909 et
648 2850 757 2909 criticis
770 2851 931 2911 rationibus
943 2852 1100 2911 verisimile
1113 2867 1179 2910 esse
1189 2851 1283 2910 videa·

286 3065 333 3187 qui
346 3080 442 3133 prosae
454 3065 490 3119 ad
501 3066 682 3147 doctrinarum
692 3081 770 3146 usum
779 3066 940 3146 excolendae
953 3066 1045 3120 utilius
1053 3067 1208 3138 studebant,
1226 3086 1283 3137 per·

300 3140 410 3187 ecerunt
428 3134 613 3204 Alexandnnn,
632 3150 648 3189 a
667 3134 764 3203 qulbus
781 3141 855 3188 vemt
872 3135 908 3188 ad
924 3134 1067 3202 Romanos,
1089 3142 1118 3188 et
1135 3138 1170 3192 ab
1189 3138 1282 3194 horum

284 3202 392 3270 ingenio
410 3217 481 3257 nova
498 3209 654 3258 ornamenta
671 3203 783 3272 accepit.
813 3204 884 3258 Huic
902 3205 995 3283 generi
1006 3204 1144 3271 prolusum
1163 3214 1213 3278 est,
1231 3223 1282 3263 non

282 3270 433 3339 exemplum
451 3271 543 3324 datum
561 3272 595 3326 ab
612 3272 731 3327 Hesiodo
750 3277 778 3326 et
795 3271 938 3327 Gnomicrs.

352 3356 388 3421 96)
406 3355 458 3409 Hic
481 3354 558 3409 nobis
579 3357 608 3410 in
630 3362 747 3411 mentem
774 3357 848 3411 venit
866 3363 1084 3426 argumentorum
1100 3358 1281 3428 ridiculorum,

283 3439 338 3491 seu,
356 3429 387 3477 ut
399 3423 467 3478 Gell.
479 3423 530 3490 III,
544 3428 583 3480 il.
599 3424 645 3494 ait,
663 3427 800 3478 admodum
808 3427 906 3489 ledam,
918 3441 969 3494 per
979 3442 1049 3494 quae
1060 3429 1154 3482 Attius
1166 3428 1281 3485 ostendit

283 3492 432 3547 Hesiodum
449 3492 567 3548 Homero
585 3499 651 3547 natu
669 3493 795 3561 priorem.
832 3495 908 3558 Quod
924 3497 1059 3561 Homerus,
1083 3495 1180 3567 inquit,
1205 3515 1281 3565 quum

282 3563 312 3613 io
326 3563 459 3629 principio
479 3561 608 3616 Canninio
620 3563 741 3615 Achillem
761 3581 812 3616 ease
824 3565 914 3631 fllium
932 3564 1004 3617 Pelei
1021 3565 1126 3632 diceret,
1144 3569 1204 3632 quis
1221 3575 1281 3620 aad

282 3630 382 3694 Peleus,
400 3647 452 3682 aaa
470 3631 587 3682 addidit:
607 3648 682 3696 quom
699 3648 752 3682 rem
767 3635 862 3698 procui
879 3633 958 3685 dudio
976 3633 1091 3694 dixisset,
1108 3635 1163 3686 uisi
1181 3636 1216 3688 ab
1229 3637 1280 3688 He·

280 3699 351 3752 uodo
372 3700 424 3750 iam
446 3698 541 3752 dictum
564 3699 660 3752 videret
682 3704 733 3752 etc.
774 3699 850 3755 Haec
873 3699 1005 3768 quomodo
1027 3700 1093 3754 illuc
1116 3702 1279 3771 pertineant,

280 3766 461 3836 unusquisque
478 3765 559 3828 videt.
