3034 4434
691 370 806 422 -162
833 395 869 406 -

232 524 272 567 au
290 514 327 574 da
355 513 560 589 probabilitate
585 514 669 573 buius
693 516 783 575 totius
809 517 928 576 criticae
953 518 1073 578 rationis
1092 533 1151 578 non
1171 521 1285 591 quaeri·

285 608 364 662 mns3
389 607 443 649 noc
465 591 589 649 materia
615 598 710 650 exstat
728 593 896 665 quaerendi.
935 594 1010 653 Nam
1030 601 1060 653 et
1079 595 1127 663 bia
1146 595 1285 668 quodam·
1323 590 1326 595 ’

284 667 369 727 modo
394 670 489 722 rainae
513 670 657 738 ριιίιηιοι.
701 669 849 727 Habemus
873 686 949 728 nunc
968 671 1126 730 Homerum
1144 672 1177 729 in
1196 674 1284 730 mani-

284 745 354 817 bus,
373 760 430 802 non
451 744 500 814 qui
519 743 610 816 viguit
629 745 660 802 in
679 762 729 804 ore
750 746 926 804 Graecorum
947 764 1079 820 suorum,
1105 748 1159 806 sed
1178 748 1248 807 inde
1268 766 1285 807 a

284 820 396 880 Solonis
425 820 601 894 temporibus
633 838 725 895 usque
758 822 795 880 ad
825 823 897 881 haec
916 823 1115 883 Alexandrina
1142 831 1284 884 1111111111

285 897 373 968 varie,
394 897 607 970 interpolatum,
628 900 802 970 castigatum
822 907 853 957 et
873 900 1063 959 emendatum.
1103 901 1138 960 Id
1152 919 1169 960 e
1184 903 1285 960 disiec-

285 975 323 1031 tis
344 973 514 1043 quibusdam
533 973 647 1034 indiciis
668 977 725 1034 iam
745 975 854 1033 dudum
874 976 997 1036 obscure
1010 979 1284 1050 colligebanthomi·

232 1078 271 1119 „a
288 1066 340 1108 nes
360 1049 438 1108 docti
458 1057 488 1109 et
507 1052 655 1123 sollertes3
681 1053 805 1109 nuncin
826 1069 913 1110 unum
933 1055 1101 1113 coniunctae
1121 1071 1208 1114 voces
1228 1073 1284 1116 om·

283 1127 361 1185 nium
380 1133 540 1200 temporum
559 1134 711 1201 testantur,
731 1135 762 1187 et
781 1130 908 1200 loquitur
925 1131 1055 1191 historia.

284 1323 390 1377 anullo
412 1322 518 1377 illorum
536 1322 671 1376 adhibitus
696 1323 731 1376 sit
748 1322 783 1376 ad
800 1323 938 1391 vulgarem
956 1327 1061 1376 textum
1079 1324 1281 1380 emendandum.

285 1392 391 1447 Numne
409 1391 549 1445 Athenaeo
573 1391 660 1444 minua
683 1406 764 1458 quam
781 1390 925 1444 Plutarcho
942 1389 1022 1444 fidem
1039 1391 1191 1446 habendam
1209 1400 1283 1461 puta·

284 1460 368 1515 bant?
392 1460 430 1512 At
447 1466 561 1527 uterque
579 1475 628 1513 sua
645 1459 737 1512 retulit
756 1473 791 1511 ex
809 1458 1013 1512 Commentariis
1030 1466 1161 1528 veterum,
1180 1462 1282 1514 Plutar-

285 1529 351 1583 chus
368 1527 480 1581 forsitan
497 1544 532 1581 ex
549 1528 706 1594 Stoicorum,
724 1527 770 1580 ille
789 1542 824 1580 ex
836 1527 1083 1581 Grammaticorum.
1119 1527 1191 1582 Nam
1204 1529 1281 1584 Scho

284 1597 322 1650 lia
338 1595 383 1649 hic
400 1611 506 1664 quoque
524 1603 623 1662 tacere,
642 1611 696 1649 non
712 1594 809 1648 mirum
827 1601 876 1663 est,
894 1595 1020 1662 quoniam
1038 1594 1116 1649 eain
1133 1602 1194 1651 tota
1211 1594 1239 1652 Σ.
1258 1604 1283 1651 01

308 1664 409 1719 ronime
428 1679 483 1732 seq.
495 1664 585 1732 rhaps.
597 1662 740 1718 admodum
758 1679 855 1716 manca
872 1668 934 1716 sunt
951 1669 979 1716 et
996 1663 1148 1731 interrupta
1166 1666 1232 1719 vitio
1244 1680 1284 1719 co·

304 1733 358 1787 'cis
392 1730 450 1785 Iam
467 1738 498 1785 ut
514 1732 608 1799 paucis
626 1747 683 1786 ram
700 1746 860 1798 persequar,
885 1731 1058 1785 Aristarchus
1075 1732 1103 1783 in
1115 1731 1205 1788 ‚Scuto
1224 1737 1282 1787 604.

285 1807 347 1870 post
363 1799 474 1852 verbum
492 1801 653 1868 τερπόμενοι
671 1815 718 1852 seu
736 1799 905 1864 τερπόμενος
922 1799 1021 1853 delevit
1038 1798 1201 1855 mentionem
1219 1819 1282 1853 can·

287 1870 356 1928 roric,
376 1864 452 1918 Μετὰ
469 1867 500 1918 δέ
519 1885 582 1934 σφιν
601 1867 734 1928 ἐμέλπετο
751 1868 828 1925 θεῖος
840 1868 932 1928 ἀοιδὸς
942 1864 1090 1936 Φορμίζιον,
1108 1867 1158 1920 sed
1174 1868 1286 1937 reliquit

287 1950 380 1988 rursus
396 1933 469 1987 hunc
486 1949 592 1987 versum
610 1935 638 1987 in
656 1934 783 2003 Odyssea,
806 1951 888 2002 quum
906 1936 966 1988 illos
983 1943 1047 2002 tres,
1072 1937 1285 2004 τερπόμενοι-

287 2004 419 2068 μέσσους,
441 2002 470 2055 in
497 2002 587 2070 quarti
613 2002 675 2056 libri
699 2001 860 2082 principium
884 2002 1057 2069 transferret,
1083 2003 1184 2059 additis
1211 2005 1284 2071 adeo,

287 2070 378 2124 nescio
405 2069 492 2136 unde,
519 2069 639 2136 duobus,
666 2086 712 2137 qur
738 2085 809 2123 nunc
836 2079 1012 2124 numerantur
1037 2071 1153 2151 proximi
1185 2078 1222 2128 15.
1249 2077 1285 2128 16.

289 2138 447 2218 Quanquam
463 2138 515 2192 hac
532 2138 561 2191 in
577 2153 606 2191 re
624 2139 716 2192 torsan
728 2139 828 2192 erravit
839 2140 1005 2206 Athenaeus,
1023 2156 1078 2194 sive
1096 2141 1127 2207 11,
1146 2156 1226 2208 quem
1243 2141 1285 2195 ille

291 2207 440 2276 exscripsit.
475 2207 544 2260 Tum
562 2206 677 2260 criticus
695 2207 732 2260 ibi
756 2207 926 2260 insimulatur
947 2223 997 2276 pro
1020 2208 1138 2276 genitivo
1156 2208 1285 2282 ἐξάρχον-

288 2294 343 2343 τος,
361 2276 407 2344 qui
425 2275 488 2330 olim
506 2282 660 2330 constanter
677 2276 763 2329 lectus
782 2275 816 2329 ad
835 2283 971 2329 cantorem
989 2277 1116 2344 pertinet,
1134 2275 1231 2331 fecisse
1242 2293 1286 2331 no

291 2345 447 2398 minativum
472 2344 653 2417 ἐξάρχοντες
681 2345 758 2466 (dmi
782 2343 925 2397 saltatores
949 2344 1003 2398 dici
1024 2351 1134 2412 possent
1157 2344 1285 2419 ἐξάρχειν

288 2413 399 2482 μολπῆς,
434 2412 504 2466 Nam
521 2412 659 2480 proprium
677 2413 687 2465 i
722 2418 764 2465 est
782 2411 853 2478 eius,
877 2412 924 2479 qui
941 2413 1045 2466 cithara
1062 2412 1105 2466 vel
1122 2412 1191 2466 tibia
1208 2413 1286 2479 canit,

290 2497 338 2534 seu
354 2481 487 2548 praecinit
504 2481 595 2534 choro.
633 2480 670 2534 Ut
693 2494 765 2534 nnnc
787 2495 830 2547 ap.
850 2479 998 2533 Pindarum
1016 2487 1078 2534 sunt
1096 2480 1287 2550 ἀναξιφόρμιγ-

288 2567 336 2617 γες
353 2551 443 2615 όμνοι,
468 2549 507 2602 ita
524 2549 587 2603 olim
605 2548 678 2616 apud
694 2548 810 2602 eundem
834 2554 912 2601 erant
928 2549 1039 2620 ιλγεσίχο
1058 2567 1076 2599 α
1092 2551 1235 2619 προοίμια,
1261 2554 1287 2602 et

287 2617 360 2684 apud
377 2616 557 2670 Stesichorum
575 2616 775 2688 ὰρχεοίμολπος
786 2613 888 2670 Μοῦσα.
916 2616 949 2668 In
967 2633 1020 2684 quo
1033 2569 1097 2671 si'cet
1109 2618 1284 2672 Aristarchus

289 2684 469 2738 coniecturam
491 2700 567 2738 suam
592 2685 684 2738 forsan
706 2686 778 2738 tueri
799 2685 932 2752 potuisset
953 2684 1072 2738 doctiore
1094 2684 1287 2752 significatione

291 2752 402 2820 μολπῆς,
421 2758 456 2817 (v.
474 2753 598 2820 Apollon.
617 2753 686 2808 Lex.
703 2770 728 2808 v.
745 2753 915 2821 μέλπεοηῖος)
932 2769 987 2806 101
1004 2752 1097 2808 dubito
1114 2761 1207 2808 tamen
1224 2753 1287 2808 mul·

291 2820 327 2871 tis
349 2818 382 2873 de
406 2820 493 2873 causis
517 2821 641 2875 assentiri
664 2821 901 2888 reprehensoribus
924 2821 1003 2875 illius.
1038 2825 1069 2875 ln
1088 2820 1210 2890 Odyssea
1226 2836 1287 2876 vero

291 2887 344 2940 illis
360 2887 480 2941 versibus
497 2890 543 2941 rix
568 2889 642 2943 locus
666 2896 725 2943 erat
742 2893 854 2957 propter
872 2905 918 2956 ea,
943 2903 1012 2958 quae
1036 2889 1176 2944 verissime
1199 2896 1288 2945 monet

292 2954 391 3010 Athen.
435 2998 441 3008 .
461 2957 555 3009 181.E.
590 2957 628 3010 nt
670 2956 723 3011 uod
746 2959 776 3010 ἐκ
800 2961 849 3010 τοῦ
874 2953 1011 3027 Κρητικοῦ
1032 2961 1118 3029 χοροῦ
1141 2959 1187 3011 τὸν
1210 2959 1287 3030 ςινίλὸν

292 3023 402 3091 ἐξεῖλεν,
414 2972 500 3076 Ιλ111111
516 3025 556 3077 101
572 2973 739 3092 probabilem
756 3026 887 3080 rationem
905 3026 1005 3079 nullam
1022 3025 1218 3089 comminiscor,
1243 3041 1287 3079 au·

292 3091 394 3146 daciam
412 3099 502 3145 autem
521 3095 672 3160 corrigendi
690 3103 717 3147 et
734 3094 844 3148 limandi
860 3110 937 3148 nemo
955 3110 1009 3147 non
1024 3094 1150 3162 intelligit
1159 3095 1288 3164 insignem

296 3175 362 3213 0110.
397 3163 435 3213 At
453 3160 533 3212 etiam
550 3163 688 3224 maiorem,
712 3169 807 3231 utpote
825 3170 898 3216 certe
916 3162 1037 3230 pluribus
1055 3170 1083 3215 et
1100 3162 1287 3230 pulcherrimis

291 3228 413 3282 versibus
439 3228 598 3293 minantem,
621 3230 744 3284 adhibuit
768 3229 902 3284 Diodorus
924 3231 1015 3284 Aristo
1035 3229 1152 3296 haneus,
1176 3229 1289 3284 delenda

291 3302 350 3352 tota
372 3295 528 3367 γομοποιΐᾳ,
556 3297 649 3364 Odyss.
669 3302 763 3352 3-20.
798 3298 898 3352 Verum
919 3298 971 3353 hoc
996 3247 1076 3351 aflter
1093 3299 1200 3366 accepit
1218 3296 1288 3367 apud

295 3365 465 3419 Athenaeum
488 3365 601 3418 easaub.
626 3381 704 3433 quem
728 3367 790 3421 vide
813 3384 839 3436 p.
857 3371 916 3421 326.
940 3366 986 3419 ubi
1009 3372 1082 3419 recte
1106 3369 1180 3418 eriam
1198 3367 1288 3420 ealce

297 3436 352 3485 Ioco
370 3435 540 3500 colliyemdum
558 3432 637 3499 dicet,
654 3444 753 3485 nostros
770 3438 846 3487 bodie
863 3436 961 3487 codices
979 3436 1086 3486 Homeri
1103 3435 1139 3484 od
1156 3437 1288 3487 edicionem

304 3503 498 3554 Aristarchcom
515 3519 611 3564 οιομπο
628 3519 659 3553 ea
673 3512 749 3566 porta
765 3505 845 3559 fnisse
856 3505 1004 3559 mandator.
1039 3494 1120 3555 Plura
1130 3502 1164 3557 de
1176 3510 1288 3571 unaque

293 3569 372 3638 ρήσει
389 3585 407 3623 a
423 3585 466 3623 me
484 3570 512 3623 in
528 3569 601 3624 aliud
619 3574 724 3636 tempus
741 3577 915 3637 reponuntur.
