<?xml version="1.0" encoding="UTF-8"?>
<!DOCTYPE html PUBLIC "-//W3C//DTD XHTML 1.0 Transitional//EN"
    "http://www.w3.org/TR/xhtml1/DTD/xhtml1-transitional.dtd">
<html xmlns="http://www.w3.org/1999/xhtml" xml:lang="en" lang="en">
 <head>
  <title>
</title>
<meta http-equiv="Content-Type" content="text/html;charset=utf-8" />
  <meta name='ocr-system' content='tesseract 3.04.00' />
  <meta name='ocr-capabilities' content='ocr_page ocr_carea ocr_par ocr_line ocrx_word'/>
</head>
<body>
  <div class='ocr_page' id='page_1' title='image "./prolegomenaadho00wolfgoog/prolegomenaadho00wolfgoog_0039.png"; bbox 0 0 3034 4434; ppageno 0'>
   <div class='ocr_carea' id='block_1_1' title="bbox 619 396 798 450">
    <p class='ocr_par' dir='ltr' id='par_1_1' title="bbox 619 396 798 450">
     <span class='ocr_line' id='line_1_1' title="bbox 619 396 798 450; baseline 0 -17"><span class='ocrx_word' id='word_1_1' title='bbox 619 396 798 450; x_wconf 68' lang='lat' dir='ltr'>„gp-</span> 
     </span>
    </p>
   </div>
   <div class='ocr_carea' id='block_1_2' title="bbox 206 541 1246 1001">
    <p class='ocr_par' dir='ltr' id='par_1_2' title="bbox 206 541 1246 1001">
     <span class='ocr_line' id='line_1_2' title="bbox 206 541 1209 618; baseline -0.001 -15"><span class='ocrx_word' id='word_1_2' title='bbox 206 551 332 605; x_wconf 84' lang='lat' dir='ltr'>ieternm</span> <span class='ocrx_word' id='word_1_3' title='bbox 352 544 444 605; x_wconf 88' lang='lat' dir='ltr'>etiam</span> <span class='ocrx_word' id='word_1_4' title='bbox 464 542 626 603; x_wconf 76' lang='lat' dir='ltr'>doctissimi</span> <span class='ocrx_word' id='word_1_5' title='bbox 644 543 775 604; x_wconf 90' lang='lat' dir='ltr'>homines</span> <span class='ocrx_word' id='word_1_6' title='bbox 788 558 853 603; x_wconf 83' lang='lat' dir='ltr'>sese</span> <span class='ocrx_word' id='word_1_7' title='bbox 866 541 966 603; x_wconf 77' lang='lat' dir='ltr'>faciles</span> <span class='ocrx_word' id='word_1_8' title='bbox 980 544 1209 618; x_wconf 65' lang='lat' dir='ltr'>praebebantlt).</span> 
     </span>
     <span class='ocr_line' id='line_1_3' title="bbox 207 619 1246 695; baseline -0.001 -13"><span class='ocrx_word' id='word_1_9' title='bbox 207 621 281 682; x_wconf 76' lang='lat' dir='ltr'>Adeo</span> <span class='ocrx_word' id='word_1_10' title='bbox 301 620 378 680; x_wconf 86' lang='lat' dir='ltr'>nihil</span> <span class='ocrx_word' id='word_1_11' title='bbox 399 626 446 681; x_wconf 81' lang='lat' dir='ltr'>est</span> <span class='ocrx_word' id='word_1_12' title='bbox 464 621 496 679; x_wconf 91' lang='lat' dir='ltr'>in</span> <span class='ocrx_word' id='word_1_13' title='bbox 514 619 575 693; x_wconf 89' lang='lat' dir='ltr'>his,</span> <span class='ocrx_word' id='word_1_14' title='bbox 602 619 680 692; x_wconf 91' lang='lat' dir='ltr'>quod</span> <span class='ocrx_word' id='word_1_15' title='bbox 705 619 830 681; x_wconf 87' lang='lat' dir='ltr'>colorari</span> <span class='ocrx_word' id='word_1_16' title='bbox 849 636 906 680; x_wconf 92' lang='lat' dir='ltr'>non</span> <span class='ocrx_word' id='word_1_17' title='bbox 925 622 1019 695; x_wconf 87' lang='lat' dir='ltr'>possit</span> <span class='ocrx_word' id='word_1_18' title='bbox 1037 622 1207 681; x_wconf 81' lang='lat' dir='ltr'>ratiunculis</span> <span class='ocrx_word' id='word_1_19' title='bbox 1220 641 1246 681; x_wconf 81' lang='lat' dir='ltr'>ce</span> 
     </span>
     <span class='ocr_line' id='line_1_4' title="bbox 208 696 1208 772; baseline 0 -14"><span class='ocrx_word' id='word_1_20' title='bbox 208 697 375 771; x_wconf 80' lang='lat' dir='ltr'>quibusdam</span> <span class='ocrx_word' id='word_1_21' title='bbox 397 702 428 757; x_wconf 91' lang='lat' dir='ltr'>et</span> <span class='ocrx_word' id='word_1_22' title='bbox 439 696 601 757; x_wconf 70' lang='lat' dir='ltr'>simulacris</span> <span class='ocrx_word' id='word_1_23' title='bbox 611 696 835 771; x_wconf 81' lang='lat' dir='ltr'>probabilitatis,</span> <span class='ocrx_word' id='word_1_24' title='bbox 850 698 875 755; x_wconf 88' lang='lat' dir='ltr'>si</span> <span class='ocrx_word' id='word_1_25' title='bbox 888 698 973 757; x_wconf 92' lang='lat' dir='ltr'>modo</span> <span class='ocrx_word' id='word_1_26' title='bbox 986 705 1148 772; x_wconf 91' lang='lat' dir='ltr'>temporum</span> <span class='ocrx_word' id='word_1_27' title='bbox 1161 716 1208 758; x_wconf 89' lang='lat' dir='ltr'>ra·</span> 
     </span>
     <span class='ocr_line' id='line_1_5' title="bbox 208 771 1206 848; baseline -0.003 -14"><span class='ocrx_word' id='word_1_28' title='bbox 208 776 294 834; x_wconf 81' lang='lat' dir='ltr'>tiosos</span> <span class='ocrx_word' id='word_1_29' title='bbox 313 779 346 833; x_wconf 88' lang='lat' dir='ltr'>et</span> <span class='ocrx_word' id='word_1_30' title='bbox 362 779 514 833; x_wconf 81' lang='lat' dir='ltr'>auctorem</span> <span class='ocrx_word' id='word_1_31' title='bbox 526 771 613 833; x_wconf 89' lang='lat' dir='ltr'>fidem</span> <span class='ocrx_word' id='word_1_32' title='bbox 627 773 666 832; x_wconf 89' lang='lat' dir='ltr'>ad</span> <span class='ocrx_word' id='word_1_33' title='bbox 678 774 793 833; x_wconf 90' lang='lat' dir='ltr'>libitum</span> <span class='ocrx_word' id='word_1_34' title='bbox 808 780 838 832; x_wconf 90' lang='lat' dir='ltr'>et</span> <span class='ocrx_word' id='word_1_35' title='bbox 850 773 998 846; x_wconf 81' lang='lat' dir='ltr'>ingenium</span> <span class='ocrx_word' id='word_1_36' title='bbox 1011 781 1091 834; x_wconf 90' lang='lat' dir='ltr'>tuum</span> <span class='ocrx_word' id='word_1_37' title='bbox 1104 774 1206 848; x_wconf 88' lang='lat' dir='ltr'>fingas.</span> 
     </span>
     <span class='ocr_line' id='line_1_6' title="bbox 210 849 1207 925; baseline 0.001 -17"><span class='ocrx_word' id='word_1_38' title='bbox 210 854 308 908; x_wconf 77' lang='lat' dir='ltr'>Mirum</span> <span class='ocrx_word' id='word_1_39' title='bbox 333 861 387 924; x_wconf 81' lang='lat' dir='ltr'>cat,</span> <span class='ocrx_word' id='word_1_40' title='bbox 413 851 509 925; x_wconf 79' lang='lat' dir='ltr'>inquit</span> <span class='ocrx_word' id='word_1_41' title='bbox 533 849 661 924; x_wconf 86' lang='lat' dir='ltr'>Plinius,</span> <span class='ocrx_word' id='word_1_42' title='bbox 687 871 739 923; x_wconf 79' lang='lat' dir='ltr'>quo</span> <span class='ocrx_word' id='word_1_43' title='bbox 766 854 898 922; x_wconf 81' lang='lat' dir='ltr'>procedat</span> <span class='ocrx_word' id='word_1_44' title='bbox 920 854 1026 908; x_wconf 85' lang='lat' dir='ltr'>Graeco</span> <span class='ocrx_word' id='word_1_45' title='bbox 1045 855 1207 909; x_wconf 73' lang='lat' dir='ltr'>credulitas:</span> 
     </span>
     <span class='ocr_line' id='line_1_7' title="bbox 210 928 1092 1001; baseline 0.002 -17"><span class='ocrx_word' id='word_1_46' title='bbox 210 931 306 984; x_wconf 79' lang='lat' dir='ltr'>codam</span> <span class='ocrx_word' id='word_1_47' title='bbox 325 936 385 983; x_wconf 83' lang='lat' dir='ltr'>tom</span> <span class='ocrx_word' id='word_1_48' title='bbox 403 928 546 1001; x_wconf 75' lang='lat' dir='ltr'>impudens</span> <span class='ocrx_word' id='word_1_49' title='bbox 564 929 731 985; x_wconf 77' lang='lat' dir='ltr'>mendacium</span> <span class='ocrx_word' id='word_1_50' title='bbox 752 936 798 997; x_wconf 84' lang='lat' dir='ltr'>eet,</span> <span class='ocrx_word' id='word_1_51' title='bbox 820 929 892 998; x_wconf 79' lang='lat' dir='ltr'>qood</span> <span class='ocrx_word' id='word_1_52' title='bbox 910 937 972 985; x_wconf 83' lang='lat' dir='ltr'>teate</span> <span class='ocrx_word' id='word_1_53' title='bbox 991 939 1092 986; x_wconf 82' lang='lat' dir='ltr'>careat.</span> 
     </span>
    </p>
   </div>
   <div class='ocr_carea' id='block_1_3' title="bbox 658 1173 764 1249">
    <p class='ocr_par' dir='ltr' id='par_1_3' title="bbox 658 1173 764 1249">
     <span class='ocr_line' id='line_1_8' title="bbox 658 1173 764 1249; baseline 0.009 -1"><span class='ocrx_word' id='word_1_54' title='bbox 658 1173 764 1249; x_wconf 89' lang='lat' dir='ltr'><strong>XIV.</strong></span> 
     </span>
    </p>
   </div>
   <div class='ocr_carea' id='block_1_4' title="bbox 212 1343 1244 1651">
    <p class='ocr_par' dir='ltr' id='par_1_4' title="bbox 212 1343 1244 1651">
     <span class='ocr_line' id='line_1_9' title="bbox 280 1343 1206 1418; baseline 0.003 -14"><span class='ocrx_word' id='word_1_55' title='bbox 280 1343 347 1404; x_wconf 84' lang='lat' dir='ltr'>Non</span> <span class='ocrx_word' id='word_1_56' title='bbox 372 1344 471 1417; x_wconf 88' lang='lat' dir='ltr'>placet</span> <span class='ocrx_word' id='word_1_57' title='bbox 489 1343 612 1402; x_wconf 88' lang='lat' dir='ltr'>historia</span> <span class='ocrx_word' id='word_1_58' title='bbox 631 1344 684 1402; x_wconf 89' lang='lat' dir='ltr'>tali</span> <span class='ocrx_word' id='word_1_59' title='bbox 704 1343 789 1403; x_wconf 93' lang='lat' dir='ltr'>modo</span> <span class='ocrx_word' id='word_1_60' title='bbox 810 1345 958 1404; x_wconf 84' lang='lat' dir='ltr'>ementita.</span> <span class='ocrx_word' id='word_1_61' title='bbox 999 1347 1092 1418; x_wconf 83' lang='lat' dir='ltr'>Igitur</span> <span class='ocrx_word' id='word_1_62' title='bbox 1110 1349 1206 1408; x_wconf 78' lang='lat' dir='ltr'>mitto</span> 
     </span>
     <span class='ocr_line' id='line_1_10' title="bbox 212 1418 1206 1498; baseline 0.004 -20"><span class='ocrx_word' id='word_1_63' title='bbox 212 1436 267 1479; x_wconf 88' lang='lat' dir='ltr'>mus</span> <span class='ocrx_word' id='word_1_64' title='bbox 279 1418 346 1479; x_wconf 80' lang='lat' dir='ltr'>falsi</span> <span class='ocrx_word' id='word_1_65' title='bbox 358 1420 504 1480; x_wconf 88' lang='lat' dir='ltr'>Herodoti</span> <span class='ocrx_word' id='word_1_66' title='bbox 513 1419 673 1493; x_wconf 86' lang='lat' dir='ltr'>Phemium‚</span> <span class='ocrx_word' id='word_1_67' title='bbox 691 1420 813 1480; x_wconf 87' lang='lat' dir='ltr'>Diodori</span> <span class='ocrx_word' id='word_1_68' title='bbox 835 1428 865 1480; x_wconf 91' lang='lat' dir='ltr'>et</span> <span class='ocrx_word' id='word_1_69' title='bbox 879 1423 999 1482; x_wconf 89' lang='lat' dir='ltr'>aliorum</span> <span class='ocrx_word' id='word_1_70' title='bbox 1014 1423 1206 1498; x_wconf 74' lang='lat' dir='ltr'>Procopium,</span> 
     </span>
     <span class='ocr_line' id='line_1_11' title="bbox 213 1495 1206 1574; baseline 0.005 -18"><span class='ocrx_word' id='word_1_71' title='bbox 213 1497 417 1557; x_wconf 81' lang='lat' dir='ltr'>ommentioios</span> <span class='ocrx_word' id='word_1_72' title='bbox 436 1497 558 1556; x_wconf 82' lang='lat' dir='ltr'>Homeri</span> <span class='ocrx_word' id='word_1_73' title='bbox 578 1495 936 1574; x_wconf 73' lang='grc' dir='ltr'>γραμματοδιδασκάλους,</span> <span class='ocrx_word' id='word_1_74' title='bbox 955 1515 1019 1557; x_wconf 85' lang='lat' dir='ltr'>eum</span> <span class='ocrx_word' id='word_1_75' title='bbox 1045 1500 1121 1558; x_wconf 87' lang='lat' dir='ltr'>ludis</span> <span class='ocrx_word' id='word_1_76' title='bbox 1146 1504 1206 1561; x_wconf 91' lang='lat' dir='ltr'>suis</span> 
     </span>
     <span class='ocr_line' id='line_1_12' title="bbox 212 1572 1244 1651; baseline 0.004 -19"><span class='ocrx_word' id='word_1_77' title='bbox 212 1572 357 1648; x_wconf 68' lang='lat' dir='ltr'>blomne,</span> <span class='ocrx_word' id='word_1_78' title='bbox 384 1579 415 1632; x_wconf 89' lang='lat' dir='ltr'>et</span> <span class='ocrx_word' id='word_1_79' title='bbox 439 1589 476 1633; x_wconf 89' lang='lat' dir='ltr'>ea</span> <span class='ocrx_word' id='word_1_80' title='bbox 496 1588 708 1647; x_wconf 86' lang='lat' dir='ltr'>expromamus‚</span> <span class='ocrx_word' id='word_1_81' title='bbox 734 1590 809 1648; x_wconf 88' lang='lat' dir='ltr'>quae</span> <span class='ocrx_word' id='word_1_82' title='bbox 828 1592 880 1634; x_wconf 91' lang='lat' dir='ltr'>nos</span> <span class='ocrx_word' id='word_1_83' title='bbox 901 1575 1046 1635; x_wconf 87' lang='lat' dir='ltr'>adducant</span> <span class='ocrx_word' id='word_1_84' title='bbox 1066 1582 1096 1634; x_wconf 89' lang='lat' dir='ltr'>et</span> <span class='ocrx_word' id='word_1_85' title='bbox 1114 1594 1205 1651; x_wconf 90' lang='lat' dir='ltr'>prope</span> <span class='ocrx_word' id='word_1_86' title='bbox 1219 1605 1244 1643; x_wconf 69' lang='lat'>50</span> 
     </span>
    </p>
   </div>
   <div class='ocr_carea' id='block_1_5' title="bbox 206 1799 1206 3709">
    <p class='ocr_par' dir='ltr' id='par_1_5' title="bbox 206 1799 1206 3709">
     <span class='ocr_line' id='line_1_13' title="bbox 272 1799 1205 1872; baseline 0 -15"><span class='ocrx_word' id='word_1_87' title='bbox 272 1803 308 1871; x_wconf 73' lang='lat'>1²)</span> <span class='ocrx_word' id='word_1_88' title='bbox 325 1802 436 1870; x_wconf 84' lang='lat' dir='ltr'>Loquor</span> <span class='ocrx_word' id='word_1_89' title='bbox 452 1799 620 1869; x_wconf 88' lang='lat' dir='ltr'>potissimum</span> <span class='ocrx_word' id='word_1_90' title='bbox 632 1799 666 1854; x_wconf 92' lang='lat' dir='ltr'>de</span> <span class='ocrx_word' id='word_1_91' title='bbox 677 1799 844 1869; x_wconf 89' lang='lat' dir='ltr'>temporibus</span> <span class='ocrx_word' id='word_1_92' title='bbox 855 1799 955 1856; x_wconf 91' lang='lat' dir='ltr'>liberae</span> <span class='ocrx_word' id='word_1_93' title='bbox 968 1800 1105 1871; x_wconf 79' lang='lat' dir='ltr'>Graeciae,</span> <span class='ocrx_word' id='word_1_94' title='bbox 1124 1819 1205 1872; x_wconf 90' lang='lat' dir='ltr'>quum</span> 
     </span>
     <span class='ocr_line' id='line_1_14' title="bbox 212 1867 1205 1948; baseline 0 -24"><span class='ocrx_word' id='word_1_95' title='bbox 212 1871 284 1940; x_wconf 89' lang='lat' dir='ltr'>longe</span> <span class='ocrx_word' id='word_1_96' title='bbox 301 1870 356 1925; x_wconf 86' lang='lat' dir='ltr'>alio</span> <span class='ocrx_word' id='word_1_97' title='bbox 374 1869 525 1924; x_wconf 90' lang='lat' dir='ltr'>studiorum</span> <span class='ocrx_word' id='word_1_98' title='bbox 542 1868 660 1923; x_wconf 91' lang='lat' dir='ltr'>conditio</span> <span class='ocrx_word' id='word_1_99' title='bbox 678 1875 757 1936; x_wconf 88' lang='lat' dir='ltr'>esset,</span> <span class='ocrx_word' id='word_1_100' title='bbox 777 1883 857 1937; x_wconf 88' lang='lat' dir='ltr'>quam</span> <span class='ocrx_word' id='word_1_101' title='bbox 873 1884 943 1948; x_wconf 79' lang='lat' dir='ltr'>quae</span> <span class='ocrx_word' id='word_1_102' title='bbox 962 1867 1058 1924; x_wconf 90' lang='lat' dir='ltr'>deinde</span> <span class='ocrx_word' id='word_1_103' title='bbox 1076 1872 1205 1926; x_wconf 89' lang='lat' dir='ltr'>successit</span> 
     </span>
     <span class='ocr_line' id='line_1_15' title="bbox 212 1935 1205 2007; baseline 0 -13"><span class='ocrx_word' id='word_1_104' title='bbox 212 1939 315 1994; x_wconf 86' lang='lat' dir='ltr'>inducto</span> <span class='ocrx_word' id='word_1_105' title='bbox 331 1936 505 2007; x_wconf 70' lang='grc' dir='ltr'><strong><em>πολυμαθείᾳ</em></strong></span> <span class='ocrx_word' id='word_1_106' title='bbox 522 1935 716 1991; x_wconf 74' lang='lat' dir='ltr'>Alexandrino.</span> <span class='ocrx_word' id='word_1_107' title='bbox 734 1936 779 1990; x_wconf 92' lang='lat' dir='ltr'>Illi</span> <span class='ocrx_word' id='word_1_108' title='bbox 796 1952 957 2005; x_wconf 89' lang='lat' dir='ltr'>supenores‚</span> <span class='ocrx_word' id='word_1_109' title='bbox 975 1937 1003 1991; x_wconf 92' lang='lat' dir='ltr'>in</span> <span class='ocrx_word' id='word_1_110' title='bbox 1021 1939 1088 2007; x_wconf 85' lang='lat' dir='ltr'>foro,</span> <span class='ocrx_word' id='word_1_111' title='bbox 1106 1956 1160 1995; x_wconf 91' lang='lat' dir='ltr'>non</span> <span class='ocrx_word' id='word_1_112' title='bbox 1177 1941 1205 1994; x_wconf 93' lang='lat' dir='ltr'>in</span> 
     </span>
     <span class='ocr_line' id='line_1_16' title="bbox 212 2005 1204 2076; baseline 0.001 -15"><span class='ocrx_word' id='word_1_113' title='bbox 212 2009 319 2063; x_wconf 71' lang='lat' dir='ltr'>semeth</span> <span class='ocrx_word' id='word_1_114' title='bbox 336 2005 477 2060; x_wconf 87' lang='lat' dir='ltr'>litterariis</span> <span class='ocrx_word' id='word_1_115' title='bbox 494 2005 623 2073; x_wconf 81' lang='lat' dir='ltr'>viventes,</span> <span class='ocrx_word' id='word_1_116' title='bbox 641 2005 770 2060; x_wconf 85' lang='lat' dir='ltr'>falsarum</span> <span class='ocrx_word' id='word_1_117' title='bbox 788 2005 940 2059; x_wconf 88' lang='lat' dir='ltr'>tabularum</span> <span class='ocrx_word' id='word_1_118' title='bbox 959 2012 987 2059; x_wconf 90' lang='lat' dir='ltr'>et</span> <span class='ocrx_word' id='word_1_119' title='bbox 1005 2008 1204 2076; x_wconf 91' lang='lat' dir='ltr'>suppositorum</span> 
     </span>
     <span class='ocr_line' id='line_1_17' title="bbox 211 2071 1204 2145; baseline -0.001 -14"><span class='ocrx_word' id='word_1_120' title='bbox 211 2081 428 2131; x_wconf 82' lang='lat' dir='ltr'>testamentorum</span> <span class='ocrx_word' id='word_1_121' title='bbox 446 2071 587 2137; x_wconf 82' lang='lat' dir='ltr'>fraudibus</span> <span class='ocrx_word' id='word_1_122' title='bbox 605 2072 749 2128; x_wconf 91' lang='lat' dir='ltr'>odorandis</span> <span class='ocrx_word' id='word_1_123' title='bbox 767 2088 833 2127; x_wconf 89' lang='lat' dir='ltr'>occu</span> <span class='ocrx_word' id='word_1_124' title='bbox 854 2074 966 2127; x_wconf 86' lang='lat' dir='ltr'>atissimi</span> <span class='ocrx_word' id='word_1_125' title='bbox 985 2083 1062 2130; x_wconf 90' lang='lat' dir='ltr'>erant</span> <span class='ocrx_word' id='word_1_126' title='bbox 1082 2077 1204 2145; x_wconf 89' lang='lat' dir='ltr'>supposi-</span> 
     </span>
     <span class='ocr_line' id='line_1_18' title="bbox 212 2089 1204 2222; baseline 0.004 -27"><span class='ocrx_word' id='word_1_127' title='bbox 212 2150 293 2199; x_wconf 85' lang='lat' dir='ltr'>torum</span> <span class='ocrx_word' id='word_1_128' title='bbox 310 2142 442 2222; x_wconf 83' lang='lat' dir='ltr'>librorum</span> <span class='ocrx_word' id='word_1_129' title='bbox 460 2156 553 2221; x_wconf 78' lang='lat' dir='ltr'>curam</span> <span class='ocrx_word' id='word_1_130' title='bbox 571 2141 628 2222; x_wconf 72' lang='lat' dir='ltr'>iere</span> <span class='ocrx_word' id='word_1_131' title='bbox 640 2141 808 2221; x_wconf 81' lang='lat' dir='ltr'>omittebant.</span> <span class='ocrx_word' id='word_1_132' title='bbox 826 2089 896 2195; x_wconf 74' lang='lat' dir='ltr'>liam</span> <span class='ocrx_word' id='word_1_133' title='bbox 914 2157 984 2210; x_wconf 89' lang='lat' dir='ltr'>quae</span> <span class='ocrx_word' id='word_1_134' title='bbox 997 2158 1031 2196; x_wconf 92' lang='lat' dir='ltr'>ex</span> <span class='ocrx_word' id='word_1_135' title='bbox 1041 2116 1093 2198; x_wconf 72' lang='lat' dir='ltr'>hoc</span> <span class='ocrx_word' id='word_1_136' title='bbox 1105 2160 1204 2212; x_wconf 91' lang='lat' dir='ltr'>genere</span> 
     </span>
     <span class='ocr_line' id='line_1_19' title="bbox 211 2208 1204 2279; baseline -0.002 -12"><span class='ocrx_word' id='word_1_137' title='bbox 211 2210 360 2278; x_wconf 82' lang='lat' dir='ltr'>prodierant</span> <span class='ocrx_word' id='word_1_138' title='bbox 384 2215 500 2279; x_wconf 85' lang='lat' dir='ltr'>scripto,</span> <span class='ocrx_word' id='word_1_139' title='bbox 524 2225 552 2263; x_wconf 91' lang='lat' dir='ltr'>m</span> <span class='ocrx_word' id='word_1_140' title='bbox 575 2225 608 2264; x_wconf 90' lang='lat' dir='ltr'>ns</span> <span class='ocrx_word' id='word_1_141' title='bbox 625 2225 680 2265; x_wconf 92' lang='lat' dir='ltr'>non</span> <span class='ocrx_word' id='word_1_142' title='bbox 697 2215 753 2264; x_wconf 64' lang='lat' dir='ltr'>mm</span> <span class='ocrx_word' id='word_1_143' title='bbox 771 2208 839 2264; x_wconf 81' lang='lat' dir='ltr'>illud</span> <span class='ocrx_word' id='word_1_144' title='bbox 875 2209 1035 2277; x_wconf 70' lang='lat' dir='ltr'>merebant,</span> <span class='ocrx_word' id='word_1_145' title='bbox 1059 2227 1093 2264; x_wconf 86' lang='lat' dir='ltr'>an</span> <span class='ocrx_word' id='word_1_146' title='bbox 1111 2227 1204 2265; x_wconf 89' lang='lat' dir='ltr'>eorum</span> 
     </span>
     <span class='ocr_line' id='line_1_20' title="bbox 211 2225 1204 2357; baseline -0.002 -23"><span class='ocrx_word' id='word_1_147' title='bbox 211 2284 300 2348; x_wconf 68' lang='lat' dir='ltr'>ment,</span> <span class='ocrx_word' id='word_1_148' title='bbox 312 2278 411 2348; x_wconf 88' lang='lat' dir='ltr'>quibus</span> <span class='ocrx_word' id='word_1_149' title='bbox 422 2277 504 2345; x_wconf 85' lang='lat' dir='ltr'>vulgo</span> <span class='ocrx_word' id='word_1_150' title='bbox 516 2276 707 2341; x_wconf 83' lang='lat' dir='ltr'>tribuerentur,</span> <span class='ocrx_word' id='word_1_151' title='bbox 719 2293 800 2357; x_wconf 88' lang='lat' dir='ltr'>quam</span> <span class='ocrx_word' id='word_1_152' title='bbox 812 2225 877 2356; x_wconf 68' lang='lat' dir='ltr'>quii</span> <span class='ocrx_word' id='word_1_153' title='bbox 889 2276 955 2355; x_wconf 83' lang='lat' dir='ltr'>utile</span> <span class='ocrx_word' id='word_1_154' title='bbox 970 2282 998 2331; x_wconf 90' lang='lat' dir='ltr'>et</span> <span class='ocrx_word' id='word_1_155' title='bbox 1009 2278 1082 2332; x_wconf 88' lang='lat' dir='ltr'>lectu</span> <span class='ocrx_word' id='word_1_156' title='bbox 1094 2279 1204 2346; x_wconf 91' lang='lat' dir='ltr'>dignum</span> 
     </span>
     <span class='ocr_line' id='line_1_21' title="bbox 210 2345 1204 2412; baseline -0.002 -11"><span class='ocrx_word' id='word_1_157' title='bbox 210 2347 313 2404; x_wconf 76' lang='lat' dir='ltr'>tenent.</span> <span class='ocrx_word' id='word_1_158' title='bbox 349 2345 387 2402; x_wconf 90' lang='lat' dir='ltr'>Ut</span> <span class='ocrx_word' id='word_1_159' title='bbox 404 2345 579 2400; x_wconf 85' lang='lat' dir='ltr'>Demostheni</span> <span class='ocrx_word' id='word_1_160' title='bbox 597 2346 670 2400; x_wconf 89' lang='lat' dir='ltr'>Orat.</span> <span class='ocrx_word' id='word_1_161' title='bbox 688 2346 710 2399; x_wconf 86' lang='lat'>1.</span> <span class='ocrx_word' id='word_1_162' title='bbox 728 2363 757 2398; x_wconf 92' lang='grc' dir='ltr'>ιιι</span> <span class='ocrx_word' id='word_1_163' title='bbox 774 2347 907 2412; x_wconf 80' lang='lat' dir='ltr'>Aristog,</span> <span class='ocrx_word' id='word_1_164' title='bbox 930 2359 952 2397; x_wconf 82' lang='lat' dir='ltr'>si</span> <span class='ocrx_word' id='word_1_165' title='bbox 979 2351 1070 2398; x_wconf 90' lang='lat' dir='ltr'>tamen</span> <span class='ocrx_word' id='word_1_166' title='bbox 1087 2346 1134 2399; x_wconf 91' lang='lat' dir='ltr'>illa</span> <span class='ocrx_word' id='word_1_167' title='bbox 1151 2346 1204 2399; x_wconf 91' lang='lat' dir='ltr'>De·</span> 
     </span>
     <span class='ocr_line' id='line_1_22' title="bbox 209 2412 1204 2482; baseline -0.006 -11"><span class='ocrx_word' id='word_1_168' title='bbox 209 2414 351 2471; x_wconf 87' lang='lat' dir='ltr'>mosthenis</span> <span class='ocrx_word' id='word_1_169' title='bbox 368 2419 418 2482; x_wconf 88' lang='lat' dir='ltr'>est,</span> <span class='ocrx_word' id='word_1_170' title='bbox 436 2413 598 2468; x_wconf 87' lang='lat' dir='ltr'>sententiam</span> <span class='ocrx_word' id='word_1_171' title='bbox 634 2413 865 2469; x_wconf 86' lang='lat' dir='ltr'>naudamnomine</span> <span class='ocrx_word' id='word_1_172' title='bbox 878 2412 979 2479; x_wconf 88' lang='lat' dir='ltr'>Orphei</span> <span class='ocrx_word' id='word_1_173' title='bbox 997 2413 1116 2467; x_wconf 87' lang='lat' dir='ltr'>excitare</span> <span class='ocrx_word' id='word_1_174' title='bbox 1128 2412 1204 2466; x_wconf 87' lang='lat' dir='ltr'>licuit</span> 
     </span>
     <span class='ocr_line' id='line_1_23' title="bbox 209 2430 1204 2560; baseline -0.003 -23"><span class='ocrx_word' id='word_1_175' title='bbox 209 2498 239 2537; x_wconf 86' lang='lat' dir='ltr'>ax</span> <span class='ocrx_word' id='word_1_176' title='bbox 254 2483 381 2554; x_wconf 83' lang='lat' dir='ltr'>Hymno·,</span> <span class='ocrx_word' id='word_1_177' title='bbox 404 2482 453 2550; x_wconf 82' lang='lat' dir='ltr'>qui</span> <span class='ocrx_word' id='word_1_178' title='bbox 474 2481 589 2537; x_wconf 83' lang='lat' dir='ltr'>fortasse</span> <span class='ocrx_word' id='word_1_179' title='bbox 612 2430 716 2536; x_wconf 76' lang='lat' dir='ltr'>inobus</span> <span class='ocrx_word' id='word_1_180' title='bbox 739 2481 853 2536; x_wconf 84' lang='lat' dir='ltr'>saeculis</span> <span class='ocrx_word' id='word_1_181' title='bbox 876 2479 966 2545; x_wconf 81' lang='lat' dir='ltr'>[immo</span> <span class='ocrx_word' id='word_1_182' title='bbox 984 2481 1019 2533; x_wconf 86' lang='lat' dir='ltr'>tri</span> <span class='ocrx_word' id='word_1_183' title='bbox 1039 2480 1065 2534; x_wconf 96' lang='lat' dir='ltr'>lo</span> <span class='ocrx_word' id='word_1_184' title='bbox 1082 2480 1204 2560; x_wconf 86' lang='lat' dir='ltr'>pluribus</span> 
     </span>
     <span class='ocr_line' id='line_1_24' title="bbox 208 2496 1204 2671; baseline -0.004 -64"><span class='ocrx_word' id='word_1_185' title='bbox 208 2558 271 2619; x_wconf 84' lang='lat' dir='ltr'>post</span> <span class='ocrx_word' id='word_1_186' title='bbox 288 2550 404 2607; x_wconf 79' lang='lat' dir='ltr'>Lobeck</span> <span class='ocrx_word' id='word_1_187' title='bbox 420 2549 483 2618; x_wconf 83' lang='lat' dir='ltr'>Agl.</span> <span class='ocrx_word' id='word_1_188' title='bbox 504 2554 516 2604; x_wconf 93' lang='lat' dir='ltr'>l</span> <span class='ocrx_word' id='word_1_189' title='bbox 534 2566 561 2618; x_wconf 87' lang='lat' dir='ltr'>p.</span> <span class='ocrx_word' id='word_1_190' title='bbox 579 2552 731 2671; x_wconf 61' lang='lat' dir='ltr'>39⁷&#39;irante</span> <span class='ocrx_word' id='word_1_191' title='bbox 750 2565 779 2604; x_wconf 91' lang='lat' dir='ltr'>se</span> <span class='ocrx_word' id='word_1_192' title='bbox 797 2551 913 2617; x_wconf 86' lang='lat' dir='ltr'>scriptus</span> <span class='ocrx_word' id='word_1_193' title='bbox 932 2555 999 2602; x_wconf 89' lang='lat' dir='ltr'>erat.</span> <span class='ocrx_word' id='word_1_194' title='bbox 1016 2496 1112 2618; x_wconf 76' lang='lat' dir='ltr'>itaque</span> <span class='ocrx_word' id='word_1_195' title='bbox 1131 2548 1204 2604; x_wconf 77' lang='lat' dir='ltr'>Once·</span> 
     </span>
     <span class='ocr_line' id='line_1_25' title="bbox 208 2617 1206 2686; baseline -0.002 -12"><span class='ocrx_word' id='word_1_196' title='bbox 208 2621 262 2674; x_wconf 88' lang='lat' dir='ltr'>roni</span> <span class='ocrx_word' id='word_1_197' title='bbox 278 2627 308 2674; x_wconf 91' lang='lat' dir='ltr'>et</span> <span class='ocrx_word' id='word_1_198' title='bbox 326 2619 387 2673; x_wconf 85' lang='lat' dir='ltr'>aliis</span> <span class='ocrx_word' id='word_1_199' title='bbox 413 2633 497 2686; x_wconf 86' lang='lat' dir='ltr'>quum</span> <span class='ocrx_word' id='word_1_200' title='bbox 508 2624 629 2673; x_wconf 80' lang='lat' dir='ltr'>veterum</span> <span class='ocrx_word' id='word_1_201' title='bbox 653 2617 770 2672; x_wconf 85' lang='lat' dir='ltr'>&#39;brorum</span> <span class='ocrx_word' id='word_1_202' title='bbox 781 2627 905 2672; x_wconf 86' lang='lat' dir='ltr'>auctores</span> <span class='ocrx_word' id='word_1_203' title='bbox 916 2617 1063 2686; x_wconf 88' lang='lat' dir='ltr'>nominant,</span> <span class='ocrx_word' id='word_1_204' title='bbox 1080 2634 1134 2672; x_wconf 92' lang='lat' dir='ltr'>nou</span> <span class='ocrx_word' id='word_1_205' title='bbox 1147 2624 1206 2672; x_wconf 91' lang='lat' dir='ltr'>tan·</span> 
     </span>
     <span class='ocr_line' id='line_1_26' title="bbox 207 2658 1204 2754; baseline -0.005 -10"><span class='ocrx_word' id='word_1_206' title='bbox 207 2695 259 2743; x_wconf 87' lang='lat' dir='ltr'>tum</span> <span class='ocrx_word' id='word_1_207' title='bbox 269 2658 444 2743; x_wconf 74' lang='lat' dir='ltr'>tribuentium</span> <span class='ocrx_word' id='word_1_208' title='bbox 453 2690 503 2754; x_wconf 83' lang='lat' dir='ltr'>est,</span> <span class='ocrx_word' id='word_1_209' title='bbox 515 2692 643 2754; x_wconf 87' lang='lat' dir='ltr'>quantum</span> <span class='ocrx_word' id='word_1_210' title='bbox 654 2686 776 2754; x_wconf 89' lang='lat' dir='ltr'>plerique</span> <span class='ocrx_word' id='word_1_211' title='bbox 788 2692 940 2740; x_wconf 89' lang='lat' dir='ltr'>nostrorum</span> <span class='ocrx_word' id='word_1_212' title='bbox 949 2685 1085 2740; x_wconf 91' lang='lat' dir='ltr'>hominum</span> <span class='ocrx_word' id='word_1_213' title='bbox 1094 2686 1204 2754; x_wconf 85' lang='lat' dir='ltr'>faciunt,</span> 
     </span>
     <span class='ocr_line' id='line_1_27' title="bbox 207 2754 1205 2875; baseline -0.002 -64"><span class='ocrx_word' id='word_1_214' title='bbox 207 2756 253 2811; x_wconf 92' lang='lat' dir='ltr'>nisi</span> <span class='ocrx_word' id='word_1_215' title='bbox 269 2755 319 2811; x_wconf 90' lang='lat' dir='ltr'>ubi</span> <span class='ocrx_word' id='word_1_216' title='bbox 335 2754 377 2809; x_wconf 91' lang='lat' dir='ltr'>illi</span> <span class='ocrx_word' id='word_1_217' title='bbox 394 2769 452 2808; x_wconf 88' lang='lat' dir='ltr'>rem</span> <span class='ocrx_word' id='word_1_218' title='bbox 469 2760 594 2809; x_wconf 87' lang='lat' dir='ltr'>accurate</span> <span class='ocrx_word' id='word_1_219' title='bbox 612 2770 641 2809; x_wconf 89' lang='lat' dir='ltr'>se</span> <span class='ocrx_word' id='word_1_220' title='bbox 660 2754 814 2875; x_wconf 58' lang='lat' dir='ltr'>explorasse</span> <span class='ocrx_word' id='word_1_221' title='bbox 832 2758 880 2808; x_wconf 91' lang='lat' dir='ltr'>aut</span> <span class='ocrx_word' id='word_1_222' title='bbox 897 2754 1033 2822; x_wconf 75' lang='lat' dir='ltr'>sagacium</span> <span class='ocrx_word' id='word_1_223' title='bbox 1046 2754 1205 2810; x_wconf 86' lang='lat' dir='ltr'>Critioorum</span> 
     </span>
     <span class='ocr_line' id='line_1_28' title="bbox 206 2819 1205 2893; baseline 0 -17"><span class='ocrx_word' id='word_1_224' title='bbox 206 2824 301 2880; x_wconf 87' lang='lat' dir='ltr'>indicia</span> <span class='ocrx_word' id='word_1_225' title='bbox 325 2821 404 2893; x_wconf 85' lang='lat' dir='ltr'>sequi</span> <span class='ocrx_word' id='word_1_226' title='bbox 422 2819 564 2876; x_wconf 69' lang='lat' dir='ltr'>affirmem.</span> <span class='ocrx_word' id='word_1_227' title='bbox 599 2821 685 2890; x_wconf 76' lang='lat' dir='ltr'>Quam</span> <span class='ocrx_word' id='word_1_228' title='bbox 713 2822 799 2876; x_wconf 86' lang='lat' dir='ltr'>eviter</span> <span class='ocrx_word' id='word_1_229' title='bbox 816 2827 906 2874; x_wconf 90' lang='lat' dir='ltr'>autem</span> <span class='ocrx_word' id='word_1_230' title='bbox 923 2822 975 2877; x_wconf 92' lang='lat' dir='ltr'>hoc</span> <span class='ocrx_word' id='word_1_231' title='bbox 993 2837 1071 2876; x_wconf 91' lang='lat' dir='ltr'>omne</span> <span class='ocrx_word' id='word_1_232' title='bbox 1089 2838 1205 2891; x_wconf 82' lang='lat' dir='ltr'>genoso</span> 
     </span>
     <span class='ocr_line' id='line_1_29' title="bbox 207 2888 1205 2958; baseline -0.003 -12"><span class='ocrx_word' id='word_1_233' title='bbox 207 2890 364 2948; x_wconf 83' lang='lat' dir='ltr'>doctissimis</span> <span class='ocrx_word' id='word_1_234' title='bbox 380 2890 446 2945; x_wconf 81' lang='lat' dir='ltr'>viris</span> <span class='ocrx_word' id='word_1_235' title='bbox 464 2888 526 2945; x_wconf 93' lang='lat' dir='ltr'>olim</span> <span class='ocrx_word' id='word_1_236' title='bbox 543 2896 697 2958; x_wconf 84' lang='lat' dir='ltr'>tractatum,</span> <span class='ocrx_word' id='word_1_237' title='bbox 726 2894 754 2944; x_wconf 89' lang='lat' dir='ltr'>et</span> <span class='ocrx_word' id='word_1_238' title='bbox 772 2889 946 2958; x_wconf 85' lang='lat' dir='ltr'>quantumin</span> <span class='ocrx_word' id='word_1_239' title='bbox 964 2889 1097 2944; x_wconf 85' lang='lat' dir='ltr'>facillimis</span> <span class='ocrx_word' id='word_1_240' title='bbox 1114 2890 1205 2945; x_wconf 88' lang='lat' dir='ltr'>huius-</span> 
     </span>
     <span class='ocr_line' id='line_1_30' title="bbox 207 2957 1206 3029; baseline -0.002 -15"><span class='ocrx_word' id='word_1_241' title='bbox 207 2960 275 3015; x_wconf 82' lang='lat' dir='ltr'>modi</span> <span class='ocrx_word' id='word_1_242' title='bbox 292 2957 499 3029; x_wconf 85' lang='lat' dir='ltr'>quaestionibus</span> <span class='ocrx_word' id='word_1_243' title='bbox 516 2964 635 3013; x_wconf 87' lang='lat' dir='ltr'>erratum</span> <span class='ocrx_word' id='word_1_244' title='bbox 653 2957 696 3026; x_wconf 90' lang='lat' dir='ltr'>sit,</span> <span class='ocrx_word' id='word_1_245' title='bbox 721 2957 843 3026; x_wconf 89' lang='lat' dir='ltr'>ipsorum</span> <span class='ocrx_word' id='word_1_246' title='bbox 860 2962 981 3010; x_wconf 80' lang='lat' dir='ltr'>veterum</span> <span class='ocrx_word' id='word_1_247' title='bbox 999 2958 1091 3026; x_wconf 90' lang='lat' dir='ltr'>plures</span> <span class='ocrx_word' id='word_1_248' title='bbox 1109 2958 1206 3013; x_wconf 90' lang='lat' dir='ltr'>iudea</span> 
     </span>
     <span class='ocr_line' id='line_1_31' title="bbox 207 3023 1206 3110; baseline -0.005 -27"><span class='ocrx_word' id='word_1_249' title='bbox 207 3027 332 3110; x_wconf 66' lang='lat' dir='ltr'>Dionysio</span> <span class='ocrx_word' id='word_1_250' title='bbox 348 3026 437 3081; x_wconf 84' lang='lat' dir='ltr'>Halia.</span> <span class='ocrx_word' id='word_1_251' title='bbox 457 3024 561 3095; x_wconf 77' lang='lat' dir='ltr'>docent,</span> <span class='ocrx_word' id='word_1_252' title='bbox 579 3026 731 3093; x_wconf 87' lang='lat' dir='ltr'>certiusque</span> <span class='ocrx_word' id='word_1_253' title='bbox 750 3029 885 3080; x_wconf 88' lang='lat' dir='ltr'>constaret</span> <span class='ocrx_word' id='word_1_254' title='bbox 902 3023 936 3078; x_wconf 89' lang='lat' dir='ltr'>de</span> <span class='ocrx_word' id='word_1_255' title='bbox 955 3040 988 3079; x_wconf 89' lang='lat' dir='ltr'>ea</span> <span class='ocrx_word' id='word_1_256' title='bbox 1004 3040 1044 3093; x_wconf 82' lang='lat' dir='ltr'>re,</span> <span class='ocrx_word' id='word_1_257' title='bbox 1062 3026 1085 3079; x_wconf 94' lang='lat' dir='ltr'>si</span> <span class='ocrx_word' id='word_1_258' title='bbox 1096 3028 1206 3086; x_wconf 79' lang='grc' dir='ltr'><em>πίνακες</em></span> 
     </span>
     <span class='ocr_line' id='line_1_32' title="bbox 209 3093 1205 3172; baseline 0 -24"><span class='ocrx_word' id='word_1_259' title='bbox 209 3102 233 3150; x_wconf 89' lang='lat' dir='ltr'>et</span> <span class='ocrx_word' id='word_1_260' title='bbox 247 3096 294 3152; x_wconf 87' lang='lat' dir='ltr'>ahi</span> <span class='ocrx_word' id='word_1_261' title='bbox 312 3093 403 3150; x_wconf 85' lang='lat' dir='ltr'>critici</span> <span class='ocrx_word' id='word_1_262' title='bbox 419 3093 504 3148; x_wconf 91' lang='lat' dir='ltr'>libelli</span> <span class='ocrx_word' id='word_1_263' title='bbox 514 3093 756 3149; x_wconf 80' lang='lat' dir='ltr'>Alexandrinorum</span> <span class='ocrx_word' id='word_1_264' title='bbox 769 3098 948 3172; x_wconf 88' lang='lat' dir='ltr'>superessent.</span> <span class='ocrx_word' id='word_1_265' title='bbox 966 3096 991 3147; x_wconf 90' lang='lat' dir='ltr'>A</span> <span class='ocrx_word' id='word_1_266' title='bbox 1003 3094 1099 3162; x_wconf 86' lang='lat' dir='ltr'>quihus</span> <span class='ocrx_word' id='word_1_267' title='bbox 1111 3095 1205 3149; x_wconf 90' lang='lat' dir='ltr'>moniti</span> 
     </span>
     <span class='ocr_line' id='line_1_33' title="bbox 208 3160 1204 3232; baseline -0.004 -12"><span class='ocrx_word' id='word_1_268' title='bbox 208 3166 315 3230; x_wconf 84' lang='lat' dir='ltr'>posthoc</span> <span class='ocrx_word' id='word_1_269' title='bbox 333 3162 431 3232; x_wconf 89' lang='lat' dir='ltr'>optimi</span> <span class='ocrx_word' id='word_1_270' title='bbox 448 3161 592 3231; x_wconf 87' lang='lat' dir='ltr'>scriptores</span> <span class='ocrx_word' id='word_1_271' title='bbox 603 3177 685 3230; x_wconf 87' lang='lat' dir='ltr'>saepe</span> <span class='ocrx_word' id='word_1_272' title='bbox 698 3160 879 3216; x_wconf 82' lang='lat' dir='ltr'>dubitationes</span> <span class='ocrx_word' id='word_1_273' title='bbox 890 3161 1061 3230; x_wconf 90' lang='lat' dir='ltr'>interponere</span> <span class='ocrx_word' id='word_1_274' title='bbox 1074 3163 1161 3217; x_wconf 90' lang='lat' dir='ltr'>solent</span> <span class='ocrx_word' id='word_1_275' title='bbox 1170 3162 1204 3216; x_wconf 90' lang='lat' dir='ltr'>de</span> 
     </span>
     <span class='ocr_line' id='line_1_34' title="bbox 210 3229 1202 3298; baseline -0.005 -9"><span class='ocrx_word' id='word_1_276' title='bbox 210 3233 366 3288; x_wconf 77' lang='lat' dir='ltr'>auctoritate</span> <span class='ocrx_word' id='word_1_277' title='bbox 384 3231 522 3298; x_wconf 81' lang='lat' dir='ltr'>librorum,</span> <span class='ocrx_word' id='word_1_278' title='bbox 540 3246 654 3298; x_wconf 87' lang='lat' dir='ltr'>quorum</span> <span class='ocrx_word' id='word_1_279' title='bbox 671 3229 737 3284; x_wconf 88' lang='lat' dir='ltr'>locis</span> <span class='ocrx_word' id='word_1_280' title='bbox 749 3236 777 3283; x_wconf 90' lang='lat' dir='ltr'>et</span> <span class='ocrx_word' id='word_1_281' title='bbox 789 3229 948 3283; x_wconf 89' lang='lat' dir='ltr'>testimoniis</span> <span class='ocrx_word' id='word_1_282' title='bbox 960 3237 1080 3285; x_wconf 88' lang='lat' dir='ltr'>utuntur.</span> <span class='ocrx_word' id='word_1_283' title='bbox 1099 3230 1176 3286; x_wconf 83' lang='lat' dir='ltr'>Sodi</span> <span class='ocrx_word' id='word_1_284' title='bbox 1191 3260 1202 3271; x_wconf 91' lang='lat'>·</span> 
     </span>
     <span class='ocr_line' id='line_1_35' title="bbox 210 3295 1204 3366; baseline -0.004 -10"><span class='ocrx_word' id='word_1_285' title='bbox 210 3299 276 3356; x_wconf 80' lang='lat' dir='ltr'>dont</span> <span class='ocrx_word' id='word_1_286' title='bbox 292 3299 322 3355; x_wconf 89' lang='lat' dir='ltr'>id</span> <span class='ocrx_word' id='word_1_287' title='bbox 340 3298 477 3355; x_wconf 88' lang='lat' dir='ltr'>rarissime</span> <span class='ocrx_word' id='word_1_288' title='bbox 495 3313 528 3352; x_wconf 89' lang='lat' dir='ltr'>eo</span> <span class='ocrx_word' id='word_1_289' title='bbox 544 3313 617 3366; x_wconf 89' lang='lat' dir='ltr'>cura,</span> <span class='ocrx_word' id='word_1_290' title='bbox 635 3313 689 3366; x_wconf 86' lang='lat' dir='ltr'>qua</span> <span class='ocrx_word' id='word_1_291' title='bbox 706 3312 777 3351; x_wconf 93' lang='lat' dir='ltr'>nunc</span> <span class='ocrx_word' id='word_1_292' title='bbox 795 3297 823 3350; x_wconf 91' lang='lat' dir='ltr'>in</span> <span class='ocrx_word' id='word_1_293' title='bbox 839 3295 882 3350; x_wconf 92' lang='lat' dir='ltr'>his</span> <span class='ocrx_word' id='word_1_294' title='bbox 900 3299 981 3352; x_wconf 85' lang='lat' dir='ltr'>rebus</span> <span class='ocrx_word' id='word_1_295' title='bbox 993 3314 1061 3366; x_wconf 89' lang='lat' dir='ltr'>opus</span> <span class='ocrx_word' id='word_1_296' title='bbox 1071 3313 1130 3352; x_wconf 90' lang='lat' dir='ltr'>esse</span> <span class='ocrx_word' id='word_1_297' title='bbox 1143 3313 1204 3353; x_wconf 90' lang='lat' dir='ltr'>cen·</span> 
     </span>
     <span class='ocr_line' id='line_1_36' title="bbox 211 3364 1204 3436; baseline -0.001 -17"><span class='ocrx_word' id='word_1_298' title='bbox 211 3381 298 3425; x_wconf 88' lang='lat' dir='ltr'>semus.</span> <span class='ocrx_word' id='word_1_299' title='bbox 333 3365 453 3436; x_wconf 71' lang='lat' dir='ltr'>Quidam</span> <span class='ocrx_word' id='word_1_300' title='bbox 475 3366 554 3420; x_wconf 89' lang='lat' dir='ltr'>etiam</span> <span class='ocrx_word' id='word_1_301' title='bbox 581 3364 738 3434; x_wconf 88' lang='lat' dir='ltr'>simpliciter</span> <span class='ocrx_word' id='word_1_302' title='bbox 765 3370 793 3418; x_wconf 90' lang='lat' dir='ltr'>et</span> <span class='ocrx_word' id='word_1_303' title='bbox 814 3364 890 3418; x_wconf 86' lang='lat' dir='ltr'>nulla</span> <span class='ocrx_word' id='word_1_304' title='bbox 912 3365 1063 3434; x_wconf 90' lang='lat' dir='ltr'>suspicione</span> <span class='ocrx_word' id='word_1_305' title='bbox 1086 3365 1204 3420; x_wconf 85' lang='lat' dir='ltr'>indicata</span> 
     </span>
     <span class='ocr_line' id='line_1_37' title="bbox 212 3431 1203 3502; baseline -0.005 -14"><span class='ocrx_word' id='word_1_306' title='bbox 212 3432 319 3492; x_wconf 76' lang='lat' dir='ltr'>offerunt</span> <span class='ocrx_word' id='word_1_307' title='bbox 342 3441 453 3490; x_wconf 80' lang='lat' dir='ltr'>veteres</span> <span class='ocrx_word' id='word_1_308' title='bbox 475 3432 570 3502; x_wconf 83' lang='lat' dir='ltr'>libros,</span> <span class='ocrx_word' id='word_1_309' title='bbox 593 3449 706 3502; x_wconf 88' lang='lat' dir='ltr'>quorum</span> <span class='ocrx_word' id='word_1_310' title='bbox 730 3431 840 3487; x_wconf 86' lang='lat' dir='ltr'>fraudes</span> <span class='ocrx_word' id='word_1_311' title='bbox 862 3433 916 3486; x_wconf 92' lang='lat' dir='ltr'>iam</span> <span class='ocrx_word' id='word_1_312' title='bbox 934 3432 1034 3489; x_wconf 92' lang='lat' dir='ltr'>dudum</span> <span class='ocrx_word' id='word_1_313' title='bbox 1051 3433 1203 3501; x_wconf 81' lang='lat' dir='ltr'>patefactas</span> 
     </span>
     <span class='ocr_line' id='line_1_38' title="bbox 213 3499 1203 3574; baseline -0.008 -14"><span class='ocrx_word' id='word_1_314' title='bbox 213 3504 333 3574; x_wconf 64' lang='lat' dir='ltr'>aquosi</span> <span class='ocrx_word' id='word_1_315' title='bbox 350 3505 496 3559; x_wconf 81' lang='lat' dir='ltr'>testantur.</span> <span class='ocrx_word' id='word_1_316' title='bbox 531 3501 701 3568; x_wconf 74' lang='lat' dir='ltr'>Quinetiam</span> <span class='ocrx_word' id='word_1_317' title='bbox 719 3508 790 3569; x_wconf 89' lang='lat' dir='ltr'>sunt,</span> <span class='ocrx_word' id='word_1_318' title='bbox 808 3501 854 3567; x_wconf 91' lang='lat' dir='ltr'>qui</span> <span class='ocrx_word' id='word_1_319' title='bbox 871 3500 954 3554; x_wconf 89' lang='lat' dir='ltr'>libros</span> <span class='ocrx_word' id='word_1_320' title='bbox 971 3500 1071 3570; x_wconf 87' lang='lat' dir='ltr'>passim</span> <span class='ocrx_word' id='word_1_321' title='bbox 1087 3499 1203 3567; x_wconf 81' lang='lat' dir='ltr'>vulgari·</span> 
     </span>
     <span class='ocr_line' id='line_1_39' title="bbox 212 3566 1203 3691; baseline -0.009 -64"><span class='ocrx_word' id='word_1_322' title='bbox 212 3566 254 3627; x_wconf 80' lang='lat' dir='ltr'>bus</span> <span class='ocrx_word' id='word_1_323' title='bbox 270 3571 359 3628; x_wconf 87' lang='lat' dir='ltr'>titulis</span> <span class='ocrx_word' id='word_1_324' title='bbox 377 3575 408 3626; x_wconf 91' lang='lat' dir='ltr'>et</span> <span class='ocrx_word' id='word_1_325' title='bbox 424 3568 575 3624; x_wconf 76' lang='lat' dir='ltr'>nominibus</span> <span class='ocrx_word' id='word_1_326' title='bbox 592 3567 717 3691; x_wconf 50' lang='grc' dir='ltr'>ιίίειιιιιὲἰ</span> <span class='ocrx_word' id='word_1_327' title='bbox 738 3583 808 3638; x_wconf 84' lang='lat' dir='ltr'>quac</span> <span class='ocrx_word' id='word_1_328' title='bbox 826 3568 907 3623; x_wconf 91' lang='lat' dir='ltr'>iidem</span> <span class='ocrx_word' id='word_1_329' title='bbox 923 3568 996 3636; x_wconf 86' lang='lat' dir='ltr'>alibi,</span> <span class='ocrx_word' id='word_1_330' title='bbox 1013 3579 1203 3633; x_wconf 86' lang='lat' dir='ltr'>nonnunquam</span> 
     </span>
     <span class='ocr_line' id='line_1_40' title="bbox 214 3635 1090 3709; baseline -0.015 -11"><span class='ocrx_word' id='word_1_331' title='bbox 214 3636 344 3697; x_wconf 70' lang='lat' dir='ltr'>iridem</span> <span class='ocrx_word' id='word_1_332' title='bbox 364 3636 486 3709; x_wconf 86' lang='lat' dir='ltr'>scriptis,</span> <span class='ocrx_word' id='word_1_333' title='bbox 503 3643 534 3692; x_wconf 89' lang='lat' dir='ltr'>ut</span> <span class='ocrx_word' id='word_1_334' title='bbox 550 3651 656 3692; x_wconf 87' lang='lat' dir='ltr'>errores</span> <span class='ocrx_word' id='word_1_335' title='bbox 672 3653 689 3691; x_wconf 82' lang='lat' dir='ltr'>v</span> <span class='ocrx_word' id='word_1_336' title='bbox 720 3636 748 3705; x_wconf 91' lang='lat' dir='ltr'>gi</span> <span class='ocrx_word' id='word_1_337' title='bbox 765 3652 800 3690; x_wconf 85' lang='lat' dir='ltr'>ex</span> <span class='ocrx_word' id='word_1_338' title='bbox 816 3635 949 3690; x_wconf 86' lang='lat' dir='ltr'>industria</span> <span class='ocrx_word' id='word_1_339' title='bbox 965 3640 1090 3703; x_wconf 84' lang='lat' dir='ltr'>arguunt.</span> 
     </span>
    </p>
   </div>
   <div class='ocr_carea' id='block_1_6' title="bbox 0 0 1526 4434">
    <p class='ocr_par' dir='ltr' id='par_1_6' title="bbox 0 0 1526 4434">
     <span class='ocr_line' id='line_1_41' title="bbox 0 0 1526 4434; baseline 0 0"><span class='ocrx_word' id='word_1_340' title='bbox 0 0 1526 4434; x_wconf 95' lang='lat' dir='ltr'> </span> 
     </span>
    </p>
   </div>
  </div>
 </body>
</html>
