3034 4434
650 538 830 597 ..qq-

232 692 382 765 rationem,
405 692 500 764 qualis
522 692 553 749 in
567 690 699 764 Odyssea
719 689 816 762 est⁹⁴),
836 691 972 763 reperiat.
1013 690 1157 749 Percense
1169 692 1239 750 item

233 770 344 841 reliqua
364 769 444 826 1111111
467 769 533 828 aevi
554 769 637 841 epica
652 768 787 827 Carmina
805 767 866 826 sive
882 768 1046 827 Carminum
1059 775 1244 840 argumenta,

235 846 428 919 Genealogias
441 844 564 906 deorum
577 851 608 904 et
620 845 748 917 heroum,
768 844 953 917 Dionysiaca,
973 844 1148 918 Thebaides,
1167 846 1238 920 Epi-

235 939 331 996 gonos,
352 923 548 995 Naupactica,
568 924 641 995 alia3
662 939 749 980 unum
769 921 886 994 quidem
905 922 1023 981 heroem
1042 923 1071 980 in
1084 925 1236 996 nonnullis,

236 1006 311 1070 1111111
330 998 450 1058 fuerumt
469 1001 556 1073 plura
574 1000 749 1074 perbrevia)
769 1000 800 1056 iu
819 999 897 1058 nullo
917 1016 1004 1057 unam
1017 1001 1062 1058 vel
1072 1000 1239 1072 primariam

236 1078 385 1149 actionem,
407 1076 548 1151 episodiis
561 1077 599 1137 ad
612 1076 728 1137 modum
738 1075 846 1136 Iliados
859 1077 1053 1149 intertextam,
1074 1076 1234 1150 deprehen·

236 1154 294 1213 des.
327 1154 439 1226 Magno
459 1159 578 1214 auctore
598 1155 628 1213 id
648 1151 768 1221 affirmo,
788 1169 845 1212 non
865 1155 1031 1212 coniectura
1044 1153 1155 1212 ductus.
1189 1156 1235 1214 Ita

237 1233 309 1290 enim
319 1231 496 1290 Aristoteles
517 1231 623 1303 ubique
642 1230 794 1305 praedicat
808 1229 845 1288 de
858 1231 994 1301 Homero,
1014 1231 1056 1289 ita
1070 1247 1135 1289 111111
1147 1250 1234 1305 prop-

235 1315 280 1367 ter
298 1311 388 1367 istam
406 1309 502 1382 ipsam
522 1325 584 1367 rem
603 1309 708 1367 ceteris
729 1308 759 1365 in
773 1307 875 1366 eodem
889 1324 996 1381 genere
1009 1307 1139 1366 omnibus
1154 1316 1233 1367 ante·

236 1387 325 1458 pouit,
345 1390 380 1443 ut
397 1386 494 1443 nullus
516 1401 614 1445 eorum
632 1387 688 1445 hac
707 1386 737 1443 in
756 1401 790 1442 re
811 1385 913 1443 ducem
934 1391 964 1443 et
982 1385 1141 1458 principem
1155 1403 1237 1444 suum
1257 1408 1294 1447 111

237 1463 368 1521 imitatus
390 1479 454 1521 esse
474 1462 617 1536 videatur,
637 1479 674 1521 ne
693 1461 836 1521 Pisandes
846 1463 961 1534 quidem
975 1467 1026 1519 aut
1038 1462 1177 1534 Panyasis
1192 1470 1243 1523 aut

236 1539 433 1612 Antimachus,
454 1539 504 1611 qui
525 1539 681 1598 secundum
700 1540 859 1598 Homerum
879 1539 981 1613 optimi
999 1541 1144 1597 numerati
1163 1547 1242 1610 sunt,

236 1617 340 1676 nedum
359 1617 541 1689 antiquiores
562 1623 592 1675 et
605 1617 721 1690 chlici.
746 1616 792 1674 De
806 1616 909 1688 quilius
922 1633 1025 1675 norum
1039 1623 1240 1689 argumentum

236 1693 398 1753 ducendum
418 1699 465 1753 est
486 1710 522 1753 ex
540 1694 605 1767 ipsa
618 1695 731 1754 ratione
747 1692 836 1766 cycli,
857 1694 972 1766 qualem
986 1709 1051 1751 eum
1062 1710 1098 1751 ex
1110 1693 1241 1766 locoLy-

236 1771 272 1830 cii
296 1770 394 1831 Procli
410 1770 490 1844 apud
507 1771 642 1831 Photinm
662 1771 856 1844 cognovimus.
896 1771 1009 1844 Quippe
1026 1767 1081 1827 fuit
1098 1770 1147 1827 ille
1167 1772 1241 1828 111111-

236 1854 328 1908 torum
349 1843 435 1921 ἐπῶν,
456 1847 493 1905 ab
513 1847 603 1906 initiis
624 1865 720 1906 rerum
740 1863 833 1920 usquc
853 1846 892 1905 ad
911 1853 1032 1905 mortem
1052 1847 1165 1918 Ulyssis
1187 1847 1235 1905 do·

236 1925 396 1996 ductorum,
417 1925 560 1998 collectio,
581 1942 693 1984 omnem
705 1941 797 1998 prope
810 1923 971 1982 fabularem
983 1924 1133 1982 historiam
1142 1943 1237 1995 perpe-

236 2012 282 2057 tua
302 2011 326 2056 et
345 2004 472 2057 naturali
490 2004 556 2057 1111
575 2004 778 2076 complectens.
811 2002 858 2059 Ex
877 2018 933 2074 quo
947 2017 1004 2059 uno
1018 2002 1089 2059 satis
1104 2007 1236 2074 apparet,

238 2078 366 2151 Cyclicos
384 2083 489 2151 poetas
507 2095 554 2136 res
574 2096 641 2138 snas
661 2079 763 2139 codem
781 2078 892 2150 ordine,
912 2094 968 2149 quo
987 2077 1124 2150 deinceps
1138 2095 1236 2136 conse-

237 2161 322 2214 cutae
344 2160 451 2227 essent,
471 2171 529 2214 non
548 2156 584 2214 ad
605 2154 725 2215 formam
747 2155 895 2228 Odysseae
915 2159 1041 2225 nostrae,
1062 2157 1234 2213 narravisse,

313 2233 395 2304 Quae
415 2248 503 2304 quum
522 2233 564 2291 ita
583 2234 649 2304 sint,
670 2233 734 2305 quis
754 2238 839 2306 putet
857 2233 923 2290 illos
943 2248 1041 2291 omnes
1056 2248 1120 2290 eam
1133 2238 1234 2301 artem,

237 2325 310 2381 qnae
328 2315 390 2367 tam
411 2309 534 2367 eximiae
552 2307 738 2383 perfectionis
760 2326 848 2368 causa
868 2315 922 2378 est,
943 2308 968 2366 si
988 2307 1024 2366 ab
1038 2309 1165 2368 Homero
1185 2310 1239 2368 ad·

237 2386 359 2444 hibitam
378 2386 529 2458 vidissent,
549 2393 600 2445 aut
612 2403 670 2446 non
682 2387 869 2458 intellexisse,
889 2391 941 2445 aut
953 2385 1129 2444 intellectam
1143 2402 1240 2444 aemu-

237 2463 290 2522 lari
310 2463 459 2522 noluisse?
479 2463 554 2521 Nam
573 2480 611 2522 ne
630 2481 687 2524 non
700 2464 857 2536 potuerint,
878 2480 915 2521 111
928 2464 1075 2535 ingenium
1088 2463 1141 2521 tali
1154 2479 1239 2536 prae-

216 2558 219 2564 ·
237 2541 361 2599 stantiae
380 2541 475 2612 impar
496 2540 647 2599 attulerint
659 2558 767 2613 omnes,
788 2541 883 2599 vereri
895 2557 979 2600 nemo
992 2541 1056 2598 iure
1068 2546 1174 2613 potest.
1195 2539 1239 2598 Ac

236 2633 271 2675 ne
291 2617 439 2676 Hesiodus
460 2616 585 2690 quidem,
607 2634 692 2690 quem
711 2623 809 2676 tamen
830 2617 930 2677 Oritici
949 2618 1107 2690 praecipuo
1126 2618 1190 2676 loco
1210 2618 1239 2674 in

236 2710 385 2753 numerum
397 2694 570 2767 retulerunt,
591 2695 747 2767 quidquam
761 2695 799 2753 ad
812 2695 893 2752 illum
905 2694 1021 2754 modum
1035 2694 1173 2752 cecinisse
1186 2710 1242 2766 pu·
1331 2734 1334 2743 ,

236 2771 340 2829 tandns
362 2776 415 2828 111.
456 2769 591 2843 Arguunt
609 2772 664 2831 hoc
679 2764 774 2850 Ἔργα,
794 2788 848 2830 nec
867 2788 930 2829 cum
951 2772 1164 2839 Alexandrinis
1183 2786 1238 2828 nec

238 2864 299 2906 cum
313 2848 459 2908 Lucretio
480 2852 531 2906 ant
543 2849 666 2922 Virgilio
687 2849 911 2922 comparandum
932 2865 1013 2921 opus,
1033 2863 1127 2919 neque
1147 2848 1292 2906 1111111111

237 2925 395 2984 absolutius
420 2941 508 2997 quam
528 2925 732 2998 Theognideae
757 2924 976 2997 sententiae⁹⁵);
1013 2931 1139 2997 arguunt
1168 2926 1236 2997 alia,

302 3139 340 3207 ⁹4)
358 3137 430 3192 Nam
452 3136 481 3189 in
498 3134 584 3189 Iliade
610 3136 740 3189 naturalis
768 3144 809 3191 est
834 3135 899 3191 ordo
919 3143 1167 3204 rerumgestarum,
1185 3152 1235 3190 nec

236 3207 342 3261 initium
362 3206 468 3273 primae
486 3202 649 3272 rhapsodiae
666 3205 794 3259 lectorem
812 3205 892 3258 aliter
909 3205 983 3259 ducit
1001 3205 1029 3258 in
1046 3205 1233 3260 mediumcur·

237 3291 292 3328 sum
310 3291 410 3343 rerum,
423 3280 507 3341 atque
525 3278 556 3325 ut
573 3269 604 3324 fit
622 3272 650 3325 in
668 3273 765 3327 ceteris
782 3273 933 3394 rhaEscdds
950 3274 1099 3342 plerisque:
1123 3291 1147 3326 v.
1167 3290 1188 3327 c.
1206 3273 1235 3327 111

236 3342 398 3414 Ἀριστείαις,
416 3341 444 3396 in
463 3339 559 3409 quibus
576 3339 642 3393 illud
651 3357 756 3409 quoque
769 3349 833 3395 nota
852 3341 887 3395 ile
900 3347 948 3410 est,
967 3343 1038 3410 quod
1049 3343 1146 3397 heroes
1157 3341 1237 3410 plane

237 3412 272 3466 sic
287 3412 486 3481 producuntur,
505 3408 582 3477 quasi
599 3414 680 3463 antea
697 3425 751 3465 non
769 3410 989 3478 comparuissent.
1024 3410 1084 3464 Vid.
1102 3411 1130 3464 in
1147 3427 1188 3479 pr.
1207 3410 1237 3463 Λ.

302 3498 340 3563 95)
358 3494 489 3564 Legitimi
506 3494 637 3548 Carminis
656 3494 817 3564 didascalici,
834 3495 862 3549 id
880 3502 921 3550 est
939 3497 1005 3563 eius,
1023 3497 1113 3564 inquo
1126 3512 1179 3549 una
1190 3510 1234 3548 ars

236 3565 288 3620 sive
301 3563 428 3620 doctrina
439 3563 494 3617 sive
507 3562 617 3631 aliquod
626 3571 812 3632 argumentum
823 3580 906 3618 unum
918 3565 1064 3619 continenti
1075 3563 1233 3617 tractatione

236 3634 351 3700 partium
364 3631 514 3686 absolvitur
533 3630 620 3698 prima
629 3631 774 3699 specimina
783 3633 930 3701 reperimus
939 3633 967 3686 in
976 3629 1157 3699 Xenophanis,
1170 3630 1234 3683 Par·

236 3702 356 3770 menidis,
374 3698 514 3767 Empedoc
527 3700 548 3753 's
560 3715 622 3768 opp.
632 3701 696 3769 περὶ
708 3701 826 3768 φύσεως,
845 3717 957 3769 quorum
969 3702 1071 3754 utinam
1083 3698 1233 3766 fragmenta

236 3771 324 3839 edant,
343 3769 391 3837 qui
409 3767 523 3822 collecta
541 3774 656 3821 servant.
684 3769 751 3824 Mox
768 3770 921 3837 neglectum
938 3769 966 3822 id
984 3783 1068 3839 gqnus
1080 3766 1114 3821 ab
1126 3765 1233 3832 Atticis,
