<?xml version="1.0" encoding="UTF-8"?>
<!DOCTYPE html PUBLIC "-//W3C//DTD XHTML 1.0 Transitional//EN"
    "http://www.w3.org/TR/xhtml1/DTD/xhtml1-transitional.dtd">
<html xmlns="http://www.w3.org/1999/xhtml" xml:lang="en" lang="en">
 <head>
  <title>
</title>
<meta http-equiv="Content-Type" content="text/html;charset=utf-8" />
  <meta name='ocr-system' content='tesseract 3.04.00' />
  <meta name='ocr-capabilities' content='ocr_page ocr_carea ocr_par ocr_line ocrx_word'/>
</head>
<body>
  <div class='ocr_page' id='page_1' title='image "./prolegomenaadho00wolfgoog/prolegomenaadho00wolfgoog_0132.png"; bbox 0 0 3034 4434; ppageno 0'>
   <div class='ocr_carea' id='block_1_1' title="bbox 730 559 910 614">
    <p class='ocr_par' dir='ltr' id='par_1_1' title="bbox 730 559 910 614">
     <span class='ocr_line' id='line_1_1' title="bbox 730 559 910 614; baseline 0 -1"><span class='ocrx_word' id='word_1_1' title='bbox 730 559 845 614; x_wconf 83' lang='lat'>-112</span> <span class='ocrx_word' id='word_1_2' title='bbox 872 585 910 596; x_wconf 90' lang='lat'><strong>·-</strong></span> 
     </span>
    </p>
   </div>
   <div class='ocr_carea' id='block_1_2' title="bbox 263 705 1326 2318">
    <p class='ocr_par' dir='ltr' id='par_1_2' title="bbox 317 705 1321 783">
     <span class='ocr_line' id='line_1_2' title="bbox 317 705 1321 783; baseline 0.004 -16"><span class='ocrx_word' id='word_1_3' title='bbox 317 709 404 783; x_wconf 91' lang='lat' dir='ltr'><strong>plane</strong></span> <span class='ocrx_word' id='word_1_4' title='bbox 425 706 558 766; x_wconf 82' lang='lat' dir='ltr'><strong>effectum</strong></span> <span class='ocrx_word' id='word_1_5' title='bbox 577 710 657 781; x_wconf 90' lang='lat' dir='ltr'><strong>puto,</strong></span> <span class='ocrx_word' id='word_1_6' title='bbox 676 722 765 765; x_wconf 93' lang='lat' dir='ltr'><strong>unum</strong></span> <span class='ocrx_word' id='word_1_7' title='bbox 783 707 891 779; x_wconf 89' lang='lat' dir='ltr'><strong>ubique</strong></span> <span class='ocrx_word' id='word_1_8' title='bbox 901 711 1019 781; x_wconf 74' lang='lat' dir='ltr'><strong>poetam</strong></span> <span class='ocrx_word' id='word_1_9' title='bbox 1035 705 1255 782; x_wconf 83' lang='lat' dir='ltr'><strong>colophonium,</strong></span> <span class='ocrx_word' id='word_1_10' title='bbox 1271 710 1321 771; x_wconf 84' lang='lat' dir='ltr'><strong>So</strong></span> 
     </span>
    </p>

    <p class='ocr_par' dir='ltr' id='par_1_3' title="bbox 266 783 1326 1242">
     <span class='ocr_line' id='line_1_3' title="bbox 266 783 1324 858; baseline 0.002 -14"><span class='ocrx_word' id='word_1_11' title='bbox 266 795 304 836; x_wconf 75' lang='lat'><strong>1⁸³</strong></span> <span class='ocrx_word' id='word_1_12' title='bbox 318 785 407 844; x_wconf 89' lang='lat' dir='ltr'><strong>cratis</strong></span> <span class='ocrx_word' id='word_1_13' title='bbox 430 783 594 856; x_wconf 90' lang='lat' dir='ltr'><strong>aequalem,</strong></span> <span class='ocrx_word' id='word_1_14' title='bbox 624 783 845 856; x_wconf 81' lang='lat' dir='ltr'><strong>intelligendum</strong></span> <span class='ocrx_word' id='word_1_15' title='bbox 877 800 951 844; x_wconf 85' lang='lat' dir='ltr'><strong>esse.</strong></span> <span class='ocrx_word' id='word_1_16' title='bbox 1000 783 1138 844; x_wconf 80' lang='lat' dir='ltr'><strong>Ceterum</strong></span> <span class='ocrx_word' id='word_1_17' title='bbox 1164 787 1324 858; x_wconf 78' lang='lat' dir='ltr'><strong>specimina</strong></span> 
     </span>
     <span class='ocr_line' id='line_1_4' title="bbox 316 859 1324 936; baseline 0.001 -17"><span class='ocrx_word' id='word_1_18' title='bbox 316 864 374 921; x_wconf 86' lang='lat' dir='ltr'><strong>iste</strong></span> <span class='ocrx_word' id='word_1_19' title='bbox 383 861 462 920; x_wconf 87' lang='lat' dir='ltr'><strong>haud</strong></span> <span class='ocrx_word' id='word_1_20' title='bbox 474 876 610 933; x_wconf 81' lang='lat' dir='ltr'><strong>magnum</strong></span> <span class='ocrx_word' id='word_1_21' title='bbox 622 859 705 920; x_wconf 90' lang='lat' dir='ltr'><strong>nobis</strong></span> <span class='ocrx_word' id='word_1_22' title='bbox 716 860 894 920; x_wconf 88' lang='lat' dir='ltr'><strong>desiderium</strong></span> <span class='ocrx_word' id='word_1_23' title='bbox 906 865 1024 922; x_wconf 83' lang='lat' dir='ltr'><strong>movent</strong></span> <span class='ocrx_word' id='word_1_24' title='bbox 1036 861 1121 920; x_wconf 91' lang='lat' dir='ltr'><strong>huius</strong></span> <span class='ocrx_word' id='word_1_25' title='bbox 1137 863 1324 936; x_wconf 88' lang='lat' dir='ltr'><strong>exemplaris.</strong></span> 
     </span>
     <span class='ocr_line' id='line_1_5' title="bbox 317 937 1325 1011; baseline 0.003 -15"><span class='ocrx_word' id='word_1_26' title='bbox 317 937 447 997; x_wconf 84' lang='lat' dir='ltr'><strong>Tametsi</strong></span> <span class='ocrx_word' id='word_1_27' title='bbox 466 938 554 996; x_wconf 90' lang='lat' dir='ltr'><strong>etiam</strong></span> <span class='ocrx_word' id='word_1_28' title='bbox 580 937 628 996; x_wconf 91' lang='lat' dir='ltr'><strong>hic</strong></span> <span class='ocrx_word' id='word_1_29' title='bbox 652 937 942 998; x_wconf 87' lang='lat' dir='ltr'><strong>animadvertendum</strong></span> <span class='ocrx_word' id='word_1_30' title='bbox 962 943 1022 1011; x_wconf 90' lang='lat' dir='ltr'><strong>cst,</strong></span> <span class='ocrx_word' id='word_1_31' title='bbox 1047 937 1085 997; x_wconf 92' lang='lat' dir='ltr'><strong>de</strong></span> <span class='ocrx_word' id='word_1_32' title='bbox 1104 940 1241 1000; x_wconf 90' lang='lat' dir='ltr'><strong>universo</strong></span> <span class='ocrx_word' id='word_1_33' title='bbox 1262 957 1325 1001; x_wconf 88' lang='lat' dir='ltr'><strong>cor-</strong></span> 
     </span>
     <span class='ocr_line' id='line_1_6' title="bbox 316 1012 1326 1089; baseline 0.002 -15"><span class='ocrx_word' id='word_1_34' title='bbox 316 1031 388 1089; x_wconf 89' lang='lat' dir='ltr'><strong>pore</strong></span> <span class='ocrx_word' id='word_1_35' title='bbox 408 1014 546 1073; x_wconf 89' lang='lat' dir='ltr'><strong>iudicium</strong></span> <span class='ocrx_word' id='word_1_36' title='bbox 563 1012 629 1072; x_wconf 89' lang='lat' dir='ltr'><strong>fieri</strong></span> <span class='ocrx_word' id='word_1_37' title='bbox 647 1030 705 1074; x_wconf 92' lang='lat' dir='ltr'><strong>non</strong></span> <span class='ocrx_word' id='word_1_38' title='bbox 724 1031 812 1088; x_wconf 90' lang='lat' dir='ltr'><strong>posse</strong></span> <span class='ocrx_word' id='word_1_39' title='bbox 833 1031 869 1074; x_wconf 86' lang='lat' dir='ltr'><strong>ex</strong></span> <span class='ocrx_word' id='word_1_40' title='bbox 887 1020 949 1074; x_wconf 86' lang='lat' dir='ltr'><strong>tam</strong></span> <span class='ocrx_word' id='word_1_41' title='bbox 967 1015 1087 1074; x_wconf 90' lang='lat' dir='ltr'><strong>minutis</strong></span> <span class='ocrx_word' id='word_1_42' title='bbox 1111 1016 1264 1089; x_wconf 77' lang='lat' dir='ltr'><strong>articulis,</strong></span> <span class='ocrx_word' id='word_1_43' title='bbox 1294 1023 1326 1076; x_wconf 91' lang='lat' dir='ltr'><strong>et</strong></span> 
     </span>
     <span class='ocr_line' id='line_1_7' title="bbox 319 1091 1325 1166; baseline 0.003 -15"><span class='ocrx_word' id='word_1_44' title='bbox 319 1108 353 1151; x_wconf 87' lang='lat' dir='ltr'><strong>ee</strong></span> <span class='ocrx_word' id='word_1_45' title='bbox 372 1092 446 1164; x_wconf 90' lang='lat' dir='ltr'><strong>ipsa,</strong></span> <span class='ocrx_word' id='word_1_46' title='bbox 471 1107 546 1163; x_wconf 86' lang='lat' dir='ltr'><strong>quae</strong></span> <span class='ocrx_word' id='word_1_47' title='bbox 566 1091 647 1150; x_wconf 91' lang='lat' dir='ltr'><strong>nobis</strong></span> <span class='ocrx_word' id='word_1_48' title='bbox 668 1091 774 1152; x_wconf 86' lang='lat' dir='ltr'><strong>vitiosa</strong></span> <span class='ocrx_word' id='word_1_49' title='bbox 795 1097 826 1150; x_wconf 90' lang='lat' dir='ltr'><strong>et</strong></span> <span class='ocrx_word' id='word_1_50' title='bbox 845 1092 973 1152; x_wconf 86' lang='lat' dir='ltr'><strong>absurda</strong></span> <span class='ocrx_word' id='word_1_51' title='bbox 993 1091 1086 1151; x_wconf 90' lang='lat' dir='ltr'><strong>videri</strong></span> <span class='ocrx_word' id='word_1_52' title='bbox 1106 1092 1230 1166; x_wconf 90' lang='lat' dir='ltr'><strong>debent,</strong></span> <span class='ocrx_word' id='word_1_53' title='bbox 1255 1095 1325 1154; x_wconf 92' lang='lat' dir='ltr'><strong>olim</strong></span> 
     </span>
     <span class='ocr_line' id='line_1_8' title="bbox 316 1165 1127 1242; baseline 0 -16"><span class='ocrx_word' id='word_1_54' title='bbox 316 1168 448 1242; x_wconf 90' lang='lat' dir='ltr'><strong>plurimis</strong></span> <span class='ocrx_word' id='word_1_55' title='bbox 469 1167 681 1241; x_wconf 84' lang='lat' dir='ltr'><strong>exemplaribus</strong></span> <span class='ocrx_word' id='word_1_56' title='bbox 701 1165 827 1228; x_wconf 89' lang='lat' dir='ltr'><strong>fortasse</strong></span> <span class='ocrx_word' id='word_1_57' title='bbox 847 1169 1009 1228; x_wconf 91' lang='lat' dir='ltr'><strong>communia</strong></span> <span class='ocrx_word' id='word_1_58' title='bbox 1028 1167 1127 1227; x_wconf 86' lang='lat' dir='ltr'><strong>fuisse.</strong></span> 
     </span>
    </p>

    <p class='ocr_par' dir='ltr' id='par_1_4' title="bbox 315 1244 1326 2087">
     <span class='ocr_line' id='line_1_9' title="bbox 396 1244 1326 1317; baseline 0.004 -14"><span class='ocrx_word' id='word_1_59' title='bbox 396 1245 454 1304; x_wconf 83' lang='lat' dir='ltr'><strong>Sed</strong></span> <span class='ocrx_word' id='word_1_60' title='bbox 474 1251 611 1317; x_wconf 91' lang='lat' dir='ltr'><strong>quantum</strong></span> <span class='ocrx_word' id='word_1_61' title='bbox 632 1260 718 1304; x_wconf 85' lang='lat' dir='ltr'><strong>cucco</strong></span> <span class='ocrx_word' id='word_1_62' title='bbox 739 1247 820 1305; x_wconf 88' lang='lat' dir='ltr'><strong>casui</strong></span> <span class='ocrx_word' id='word_1_63' title='bbox 839 1244 982 1305; x_wconf 84' lang='lat' dir='ltr'><strong>debeatur</strong></span> <span class='ocrx_word' id='word_1_64' title='bbox 1001 1247 1032 1303; x_wconf 93' lang='lat' dir='ltr'><strong>in</strong></span> <span class='ocrx_word' id='word_1_65' title='bbox 1052 1247 1259 1306; x_wconf 80' lang='lat' dir='ltr'><strong>conservandis</strong></span> <span class='ocrx_word' id='word_1_66' title='bbox 1278 1248 1326 1308; x_wconf 90' lang='lat' dir='ltr'><strong>his</strong></span> 
     </span>
     <span class='ocr_line' id='line_1_10' title="bbox 317 1319 1325 1394; baseline 0.003 -14"><span class='ocrx_word' id='word_1_67' title='bbox 317 1322 449 1381; x_wconf 87' lang='lat' dir='ltr'><strong>articulis</strong></span> <span class='ocrx_word' id='word_1_68' title='bbox 476 1327 506 1380; x_wconf 91' lang='lat' dir='ltr'><strong>et</strong></span> <span class='ocrx_word' id='word_1_69' title='bbox 523 1319 669 1394; x_wconf 85' lang='lat' dir='ltr'><strong>hustuIIs,</strong></span> <span class='ocrx_word' id='word_1_70' title='bbox 694 1322 883 1382; x_wconf 91' lang='lat' dir='ltr'><strong>memorabile</strong></span> <span class='ocrx_word' id='word_1_71' title='bbox 908 1323 1111 1382; x_wconf 89' lang='lat' dir='ltr'><strong>documentum</strong></span> <span class='ocrx_word' id='word_1_72' title='bbox 1135 1324 1270 1383; x_wconf 85' lang='lat' dir='ltr'><strong>videmus</strong></span> <span class='ocrx_word' id='word_1_73' title='bbox 1294 1326 1325 1383; x_wconf 93' lang='lat' dir='ltr'><strong>in</strong></span> 
     </span>
     <span class='ocr_line' id='line_1_11' title="bbox 318 1398 1325 1472; baseline 0.004 -15"><span class='ocrx_word' id='word_1_74' title='bbox 318 1412 361 1472; x_wconf 87' lang='lat' dir='ltr'><strong>ec,</strong></span> <span class='ocrx_word' id='word_1_75' title='bbox 383 1398 460 1471; x_wconf 88' lang='lat' dir='ltr'><strong>quod</strong></span> <span class='ocrx_word' id='word_1_76' title='bbox 481 1399 542 1456; x_wconf 90' lang='lat' dir='ltr'><strong>eius</strong></span> <span class='ocrx_word' id='word_1_77' title='bbox 562 1398 747 1471; x_wconf 86' lang='lat' dir='ltr'><strong>recensionis,</strong></span> <span class='ocrx_word' id='word_1_78' title='bbox 769 1415 844 1471; x_wconf 90' lang='lat' dir='ltr'><strong>quae</strong></span> <span class='ocrx_word' id='word_1_79' title='bbox 864 1400 951 1472; x_wconf 87' lang='lat' dir='ltr'><strong>vulgo</strong></span> <span class='ocrx_word' id='word_1_80' title='bbox 971 1399 1010 1458; x_wconf 89' lang='lat' dir='ltr'><strong>ad</strong></span> <span class='ocrx_word' id='word_1_81' title='bbox 1023 1399 1213 1459; x_wconf 87' lang='lat' dir='ltr'><strong>Aristotelem</strong></span> <span class='ocrx_word' id='word_1_82' title='bbox 1231 1400 1325 1461; x_wconf 83' lang='lat' dir='ltr'><strong>refer·</strong></span> 
     </span>
     <span class='ocr_line' id='line_1_12' title="bbox 316 1471 1324 1554; baseline 0.003 -20"><span class='ocrx_word' id='word_1_83' title='bbox 316 1482 373 1549; x_wconf 92' lang='lat' dir='ltr'><strong>tur,</strong></span> <span class='ocrx_word' id='word_1_84' title='bbox 403 1475 453 1554; x_wconf 67' lang='grc' dir='ltr'><strong>τῆς</strong></span> <span class='ocrx_word' id='word_1_85' title='bbox 474 1471 511 1532; x_wconf 80' lang='grc' dir='ltr'><strong>ἐκ</strong></span> <span class='ocrx_word' id='word_1_86' title='bbox 531 1474 581 1532; x_wconf 82' lang='grc' dir='ltr'><strong>τοῦ</strong></span> <span class='ocrx_word' id='word_1_87' title='bbox 602 1473 636 1534; x_wconf 73' lang='grc' dir='ltr'><strong>ν’</strong></span> <span class='ocrx_word' id='word_1_88' title='bbox 657 1472 762 1553; x_wconf 63' lang='lat' dir='ltr'><strong>darec,</strong></span> <span class='ocrx_word' id='word_1_89' title='bbox 790 1492 827 1534; x_wconf 92' lang='lat' dir='ltr'><strong>ne</strong></span> <span class='ocrx_word' id='word_1_90' title='bbox 852 1477 942 1535; x_wconf 86' lang='lat' dir='ltr'><strong>semel</strong></span> <span class='ocrx_word' id='word_1_91' title='bbox 969 1477 1087 1549; x_wconf 86' lang='lat' dir='ltr'><strong>quidem</strong></span> <span class='ocrx_word' id='word_1_92' title='bbox 1111 1478 1220 1538; x_wconf 92' lang='lat' dir='ltr'><strong>mentio</strong></span> <span class='ocrx_word' id='word_1_93' title='bbox 1240 1477 1275 1538; x_wconf 83' lang='lat' dir='ltr'><strong>fit</strong></span> <span class='ocrx_word' id='word_1_94' title='bbox 1293 1480 1324 1537; x_wconf 93' lang='lat' dir='ltr'><strong>in</strong></span> 
     </span>
     <span class='ocr_line' id='line_1_13' title="bbox 317 1495 1326 1627; baseline 0.002 -14"><span class='ocrx_word' id='word_1_95' title='bbox 317 1553 439 1613; x_wconf 85' lang='lat' dir='ltr'><strong>Scholiis</strong></span> <span class='ocrx_word' id='word_1_96' title='bbox 459 1553 575 1612; x_wconf 85' lang='lat' dir='ltr'><strong>nostris.</strong></span> <span class='ocrx_word' id='word_1_97' title='bbox 616 1495 721 1623; x_wconf 47' lang='grc' dir='ltr'><strong>ἕως</strong></span> <span class='ocrx_word' id='word_1_98' title='bbox 741 1552 831 1611; x_wconf 87' lang='lat' dir='ltr'><strong>Arist.</strong></span> <span class='ocrx_word' id='word_1_99' title='bbox 850 1571 879 1626; x_wconf 88' lang='lat' dir='ltr'><strong>p.</strong></span> <span class='ocrx_word' id='word_1_100' title='bbox 901 1556 980 1626; x_wconf 74' lang='grc'><strong>848]</strong></span> <span class='ocrx_word' id='word_1_101' title='bbox 1020 1551 1186 1626; x_wconf 84' lang='lat' dir='ltr'><strong>Apponitur</strong></span> <span class='ocrx_word' id='word_1_102' title='bbox 1205 1556 1326 1627; x_wconf 85' lang='lat' dir='ltr'><strong>quidem</strong></span> 
     </span>
     <span class='ocr_line' id='line_1_14' title="bbox 316 1629 1324 1703; baseline 0.004 -16"><span class='ocrx_word' id='word_1_103' title='bbox 316 1630 483 1690; x_wconf 89' lang='lat' dir='ltr'><strong>Aristotelis</strong></span> <span class='ocrx_word' id='word_1_104' title='bbox 504 1630 663 1690; x_wconf 87' lang='lat' dir='ltr'><strong>auctoritas</strong></span> <span class='ocrx_word' id='word_1_105' title='bbox 683 1631 713 1687; x_wconf 90' lang='lat' dir='ltr'><strong>in</strong></span> <span class='ocrx_word' id='word_1_106' title='bbox 733 1629 860 1701; x_wconf 87' lang='lat' dir='ltr'><strong>quadam</strong></span> <span class='ocrx_word' id='word_1_107' title='bbox 880 1631 1024 1689; x_wconf 85' lang='lat' dir='ltr'><strong>varietate</strong></span> <span class='ocrx_word' id='word_1_108' title='bbox 1043 1631 1187 1703; x_wconf 89' lang='lat' dir='ltr'><strong>lectionis,</strong></span> <span class='ocrx_word' id='word_1_109' title='bbox 1207 1649 1267 1691; x_wconf 91' lang='lat' dir='ltr'><strong>non</strong></span> <span class='ocrx_word' id='word_1_110' title='bbox 1280 1633 1324 1692; x_wconf 89' lang='lat' dir='ltr'><strong>sic</strong></span> 
     </span>
     <span class='ocr_line' id='line_1_15' title="bbox 316 1706 1323 1782; baseline 0.002 -18"><span class='ocrx_word' id='word_1_111' title='bbox 316 1712 423 1780; x_wconf 89' lang='lat' dir='ltr'><strong>tamen,</strong></span> <span class='ocrx_word' id='word_1_112' title='bbox 452 1713 485 1766; x_wconf 91' lang='lat' dir='ltr'><strong>ut</strong></span> <span class='ocrx_word' id='word_1_113' title='bbox 504 1706 534 1764; x_wconf 92' lang='lat' dir='ltr'><strong>id</strong></span> <span class='ocrx_word' id='word_1_114' title='bbox 555 1723 591 1766; x_wconf 82' lang='lat' dir='ltr'><strong>ex</strong></span> <span class='ocrx_word' id='word_1_115' title='bbox 609 1707 779 1766; x_wconf 88' lang='lat' dir='ltr'><strong>recensione</strong></span> <span class='ocrx_word' id='word_1_116' title='bbox 798 1707 850 1766; x_wconf 90' lang='lat' dir='ltr'><strong>illa</strong></span> <span class='ocrx_word' id='word_1_117' title='bbox 871 1712 1020 1767; x_wconf 87' lang='lat' dir='ltr'><strong>enotatum</strong></span> <span class='ocrx_word' id='word_1_118' title='bbox 1040 1723 1106 1766; x_wconf 90' lang='lat' dir='ltr'><strong>esse</strong></span> <span class='ocrx_word' id='word_1_119' title='bbox 1125 1708 1323 1782; x_wconf 56' lang='lat' dir='ltr'><strong>apparente).</strong></span> 
     </span>
     <span class='ocr_line' id='line_1_16' title="bbox 315 1782 1323 1857; baseline 0.002 -13"><span class='ocrx_word' id='word_1_120' title='bbox 315 1783 417 1857; x_wconf 90' lang='lat' dir='ltr'><strong>Neque</strong></span> <span class='ocrx_word' id='word_1_121' title='bbox 438 1800 506 1844; x_wconf 85' lang='lat' dir='ltr'><strong>vcro</strong></span> <span class='ocrx_word' id='word_1_122' title='bbox 526 1782 645 1843; x_wconf 91' lang='lat' dir='ltr'><strong>aliunde</strong></span> <span class='ocrx_word' id='word_1_123' title='bbox 665 1783 799 1843; x_wconf 85' lang='lat' dir='ltr'><strong>subvenit</strong></span> <span class='ocrx_word' id='word_1_124' title='bbox 819 1784 926 1843; x_wconf 88' lang='lat' dir='ltr'><strong>certior</strong></span> <span class='ocrx_word' id='word_1_125' title='bbox 945 1784 1051 1843; x_wconf 86' lang='lat' dir='ltr'><strong>notitia</strong></span> <span class='ocrx_word' id='word_1_126' title='bbox 1065 1783 1249 1843; x_wconf 87' lang='lat' dir='ltr'><strong>celeberrimi</strong></span> <span class='ocrx_word' id='word_1_127' title='bbox 1261 1804 1323 1846; x_wconf 92' lang='lat' dir='ltr'><strong>mo·</strong></span> 
     </span>
     <span class='ocr_line' id='line_1_17' title="bbox 315 1860 1323 1934; baseline 0.005 -16"><span class='ocrx_word' id='word_1_128' title='bbox 315 1862 453 1934; x_wconf 87' lang='lat' dir='ltr'><strong>numenti,</strong></span> <span class='ocrx_word' id='word_1_129' title='bbox 468 1861 554 1933; x_wconf 91' lang='lat' dir='ltr'><strong>quod,</strong></span> <span class='ocrx_word' id='word_1_130' title='bbox 568 1865 644 1918; x_wconf 90' lang='lat' dir='ltr'><strong>teste</strong></span> <span class='ocrx_word' id='word_1_131' title='bbox 658 1860 825 1932; x_wconf 88' lang='lat' dir='ltr'><strong>Plutarcho,</strong></span> <span class='ocrx_word' id='word_1_132' title='bbox 841 1860 933 1920; x_wconf 90' lang='lat' dir='ltr'><strong>solam</strong></span> <span class='ocrx_word' id='word_1_133' title='bbox 946 1860 1040 1920; x_wconf 85' lang='lat' dir='ltr'><strong>iliada</strong></span> <span class='ocrx_word' id='word_1_134' title='bbox 1054 1862 1205 1920; x_wconf 86' lang='lat' dir='ltr'><strong>continuit.</strong></span> <span class='ocrx_word' id='word_1_135' title='bbox 1230 1863 1323 1923; x_wconf 91' lang='lat' dir='ltr'><strong>Prae·</strong></span> 
     </span>
     <span class='ocr_line' id='line_1_18' title="bbox 315 1936 1321 2013; baseline 0.003 -17"><span class='ocrx_word' id='word_1_136' title='bbox 315 1943 398 1997; x_wconf 87' lang='lat' dir='ltr'><strong>terea</strong></span> <span class='ocrx_word' id='word_1_137' title='bbox 421 1938 582 2009; x_wconf 88' lang='lat' dir='ltr'><strong>comparati</strong></span> <span class='ocrx_word' id='word_1_138' title='bbox 605 1937 681 1994; x_wconf 87' lang='lat' dir='ltr'><strong>iuter</strong></span> <span class='ocrx_word' id='word_1_139' title='bbox 706 1953 737 1995; x_wconf 89' lang='lat' dir='ltr'><strong>se</strong></span> <span class='ocrx_word' id='word_1_140' title='bbox 764 1936 936 1996; x_wconf 87' lang='lat' dir='ltr'><strong>Plutarchus</strong></span> <span class='ocrx_word' id='word_1_141' title='bbox 963 1944 994 1997; x_wconf 82' lang='lat' dir='ltr'><strong>et</strong></span> <span class='ocrx_word' id='word_1_142' title='bbox 1014 1937 1118 1998; x_wconf 87' lang='lat' dir='ltr'><strong>Strabo</strong></span> <span class='ocrx_word' id='word_1_143' title='bbox 1146 1937 1321 2013; x_wconf 81' lang='lat' dir='ltr'><strong>significant,</strong></span> 
     </span>
     <span class='ocr_line' id='line_1_19' title="bbox 316 2012 1320 2087; baseline 0.001 -15"><span class='ocrx_word' id='word_1_144' title='bbox 316 2015 346 2071; x_wconf 89' lang='lat' dir='ltr'><strong>in</strong></span> <span class='ocrx_word' id='word_1_145' title='bbox 371 2030 406 2072; x_wconf 91' lang='lat' dir='ltr'><strong>ea</strong></span> <span class='ocrx_word' id='word_1_146' title='bbox 432 2015 557 2087; x_wconf 91' lang='lat' dir='ltr'><strong>plurium</strong></span> <span class='ocrx_word' id='word_1_147' title='bbox 580 2012 726 2071; x_wconf 92' lang='lat' dir='ltr'><strong>hominum</strong></span> <span class='ocrx_word' id='word_1_148' title='bbox 751 2012 900 2073; x_wconf 87' lang='lat' dir='ltr'><strong>doctorum</strong></span> <span class='ocrx_word' id='word_1_149' title='bbox 930 2020 959 2073; x_wconf 91' lang='lat' dir='ltr'><strong>et</strong></span> <span class='ocrx_word' id='word_1_150' title='bbox 984 2015 1076 2087; x_wconf 88' lang='lat' dir='ltr'><strong>ipsius</strong></span> <span class='ocrx_word' id='word_1_151' title='bbox 1095 2013 1258 2074; x_wconf 81' lang='lat' dir='ltr'><strong>Alexandri</strong></span> <span class='ocrx_word' id='word_1_152' title='bbox 1277 2017 1320 2076; x_wconf 88' lang='lat' dir='ltr'><strong>M.</strong></span> 
     </span>
    </p>

    <p class='ocr_par' dir='ltr' id='par_1_5' title="bbox 263 2089 1321 2318">
     <span class='ocr_line' id='line_1_20' title="bbox 263 2089 1321 2165; baseline 0.006 -19"><span class='ocrx_word' id='word_1_153' title='bbox 263 2106 302 2147; x_wconf 75' lang='lat' dir='ltr'><strong>roc</strong></span> <span class='ocrx_word' id='word_1_154' title='bbox 317 2089 525 2149; x_wconf 87' lang='lat' dir='ltr'><strong>emendatrices</strong></span> <span class='ocrx_word' id='word_1_155' title='bbox 551 2105 652 2147; x_wconf 92' lang='lat' dir='ltr'><strong>manus</strong></span> <span class='ocrx_word' id='word_1_156' title='bbox 682 2095 838 2162; x_wconf 88' lang='lat' dir='ltr'><strong>occupatas</strong></span> <span class='ocrx_word' id='word_1_157' title='bbox 868 2089 1013 2163; x_wconf 61' lang='lat' dir='ltr'><strong>fuissefl).</strong></span> <span class='ocrx_word' id='word_1_158' title='bbox 1059 2091 1169 2164; x_wconf 81' lang='lat' dir='ltr'><strong>Quodsi</strong></span> <span class='ocrx_word' id='word_1_159' title='bbox 1195 2098 1321 2165; x_wconf 89' lang='lat' dir='ltr'><strong>uterque</strong></span> 
     </span>
     <span class='ocr_line' id='line_1_21' title="bbox 314 2164 1321 2242; baseline 0.004 -17"><span class='ocrx_word' id='word_1_160' title='bbox 314 2166 415 2225; x_wconf 92' lang='lat' dir='ltr'><strong>horum</strong></span> <span class='ocrx_word' id='word_1_161' title='bbox 435 2166 606 2239; x_wconf 88' lang='lat' dir='ltr'><strong>scriptorum</strong></span> <span class='ocrx_word' id='word_1_162' title='bbox 619 2164 691 2225; x_wconf 92' lang='lat' dir='ltr'><strong>fidos</strong></span> <span class='ocrx_word' id='word_1_163' title='bbox 706 2165 795 2225; x_wconf 90' lang='lat' dir='ltr'><strong>duces</strong></span> <span class='ocrx_word' id='word_1_164' title='bbox 809 2173 926 2226; x_wconf 89' lang='lat' dir='ltr'><strong>secutus</strong></span> <span class='ocrx_word' id='word_1_165' title='bbox 941 2173 996 2240; x_wconf 88' lang='lat' dir='ltr'><strong>est,</strong></span> <span class='ocrx_word' id='word_1_166' title='bbox 1015 2167 1184 2227; x_wconf 83' lang='lat' dir='ltr'><strong>Alexander</strong></span> <span class='ocrx_word' id='word_1_167' title='bbox 1193 2170 1321 2242; x_wconf 88' lang='lat' dir='ltr'><strong>primum</strong></span> 
     </span>
     <span class='ocr_line' id='line_1_22' title="bbox 314 2242 1320 2318; baseline 0.005 -16"><span class='ocrx_word' id='word_1_168' title='bbox 314 2261 333 2302; x_wconf 93' lang='lat' dir='ltr'><strong>a</strong></span> <span class='ocrx_word' id='word_1_169' title='bbox 351 2243 491 2316; x_wconf 80' lang='lat' dir='ltr'><strong>magistro</strong></span> <span class='ocrx_word' id='word_1_170' title='bbox 512 2242 652 2316; x_wconf 77' lang='lat' dir='ltr'><strong>Stagirita</strong></span> <span class='ocrx_word' id='word_1_171' title='bbox 672 2249 828 2316; x_wconf 89' lang='lat' dir='ltr'><strong>acceperat</strong></span> <span class='ocrx_word' id='word_1_172' title='bbox 847 2244 953 2303; x_wconf 90' lang='lat' dir='ltr'><strong>librum</strong></span> <span class='ocrx_word' id='word_1_173' title='bbox 972 2245 1063 2318; x_wconf 93' lang='lat' dir='ltr'><strong>illum,</strong></span> <span class='ocrx_word' id='word_1_174' title='bbox 1085 2261 1171 2317; x_wconf 85' lang='lat' dir='ltr'><strong>quem</strong></span> <span class='ocrx_word' id='word_1_175' title='bbox 1190 2263 1259 2306; x_wconf 87' lang='lat' dir='ltr'><strong>mox</strong></span> <span class='ocrx_word' id='word_1_176' title='bbox 1272 2264 1320 2308; x_wconf 94' lang='lat' dir='ltr'><strong>co·</strong></span> 
     </span>
    </p>
   </div>
   <div class='ocr_carea' id='block_1_3' title="bbox 313 2419 1320 2575">
    <p class='ocr_par' dir='ltr' id='par_1_6' title="bbox 313 2419 1320 2575">
     <span class='ocr_line' id='line_1_23' title="bbox 313 2419 1320 2495; baseline 0.002 -19"><span class='ocrx_word' id='word_1_177' title='bbox 313 2425 434 2490; x_wconf 79' lang='lat' dir='ltr'><strong>p.1243.</strong></span> <span class='ocrx_word' id='word_1_178' title='bbox 476 2421 576 2495; x_wconf 77' lang='lat' dir='ltr'><strong>Prioris</strong></span> <span class='ocrx_word' id='word_1_179' title='bbox 595 2425 661 2474; x_wconf 83' lang='lat' dir='ltr'><strong>&#39;sunt</strong></span> <span class='ocrx_word' id='word_1_180' title='bbox 679 2420 708 2473; x_wconf 93' lang='lat' dir='ltr'><strong>hi</strong></span> <span class='ocrx_word' id='word_1_181' title='bbox 725 2420 793 2475; x_wconf 91' lang='lat' dir='ltr'><strong>loci:</strong></span> <span class='ocrx_word' id='word_1_182' title='bbox 828 2419 864 2475; x_wconf 91' lang='lat' dir='ltr'><strong>ad</strong></span> <span class='ocrx_word' id='word_1_183' title='bbox 890 2435 915 2474; x_wconf 85' lang='lat' dir='ltr'><strong>a.</strong></span> <span class='ocrx_word' id='word_1_184' title='bbox 935 2425 957 2474; x_wconf 93' lang='lat' dir='ltr'><strong>l.</strong></span> <span class='ocrx_word' id='word_1_185' title='bbox 983 2420 1013 2486; x_wconf 82' lang='grc' dir='ltr'><strong>β.</strong></span> <span class='ocrx_word' id='word_1_186' title='bbox 1031 2424 1057 2476; x_wconf 81' lang='grc'><strong>2.</strong></span> <span class='ocrx_word' id='word_1_187' title='bbox 1084 2438 1110 2489; x_wconf 75' lang='grc' dir='ltr'><strong>γ.</strong></span> <span class='ocrx_word' id='word_1_188' title='bbox 1131 2422 1188 2476; x_wconf 85' lang='grc'><strong>197.</strong></span> <span class='ocrx_word' id='word_1_189' title='bbox 1216 2423 1240 2479; x_wconf 80' lang='grc' dir='ltr'><strong>δ,</strong></span> <span class='ocrx_word' id='word_1_190' title='bbox 1258 2426 1320 2478; x_wconf 83' lang='lat'>400.</span> 
     </span>
     <span class='ocr_line' id='line_1_24' title="bbox 313 2496 1320 2575; baseline 0.001 -14"><span class='ocrx_word' id='word_1_191' title='bbox 313 2496 372 2563; x_wconf 64' lang='grc'><strong>488.</strong></span> <span class='ocrx_word' id='word_1_192' title='bbox 391 2507 435 2574; x_wconf 81' lang='lat' dir='ltr'><strong>(of.</strong></span> <span class='ocrx_word' id='word_1_193' title='bbox 453 2498 489 2570; x_wconf 75' lang='lat' dir='ltr'><strong>ad</strong></span> <span class='ocrx_word' id='word_1_194' title='bbox 507 2527 529 2559; x_wconf 71' lang='grc' dir='ltr'><strong>ν.</strong></span> <span class='ocrx_word' id='word_1_195' title='bbox 548 2510 606 2562; x_wconf 75' lang='lat' dir='ltr'><strong>roe.</strong></span> <span class='ocrx_word' id='word_1_196' title='bbox 625 2525 647 2561; x_wconf 76' lang='grc' dir='ltr'><strong>ο.</strong></span> <span class='ocrx_word' id='word_1_197' title='bbox 668 2507 739 2575; x_wconf 84' lang='lat' dir='ltr'><strong>uo.)</strong></span> <span class='ocrx_word' id='word_1_198' title='bbox 759 2523 783 2560; x_wconf 72' lang='grc' dir='ltr'><strong>ε,</strong></span> <span class='ocrx_word' id='word_1_199' title='bbox 796 2506 824 2559; x_wconf 79' lang='lat' dir='ltr'><strong>in</strong></span> <span class='ocrx_word' id='word_1_200' title='bbox 841 2506 915 2562; x_wconf 77' lang='lat' dir='ltr'><strong>brev.</strong></span> <span class='ocrx_word' id='word_1_201' title='bbox 933 2504 1021 2560; x_wconf 75' lang='lat' dir='ltr'><strong>echon</strong></span> <span class='ocrx_word' id='word_1_202' title='bbox 1036 2509 1095 2560; x_wconf 87' lang='lat' dir='ltr'><strong>aso.</strong></span> <span class='ocrx_word' id='word_1_203' title='bbox 1114 2507 1207 2566; x_wconf 73' lang='lat' dir='ltr'><strong>taoo.</strong></span> <span class='ocrx_word' id='word_1_204' title='bbox 1224 2506 1248 2564; x_wconf 77' lang='lat' dir='ltr'><strong>i.</strong></span> <span class='ocrx_word' id='word_1_205' title='bbox 1259 2509 1320 2564; x_wconf 79' lang='lat' dir='ltr'><strong>ros.</strong></span> 
     </span>
    </p>
   </div>
   <div class='ocr_carea' id='block_1_4' title="bbox 312 2582 1322 2851">
    <p class='ocr_par' dir='ltr' id='par_1_7' title="bbox 312 2582 1322 2851">
     <span class='ocr_line' id='line_1_25' title="bbox 314 2582 1322 2661; baseline -0.004 -10"><span class='ocrx_word' id='word_1_206' title='bbox 314 2593 337 2652; x_wconf 79' lang='grc' dir='ltr'><strong>ξ.</strong></span> <span class='ocrx_word' id='word_1_207' title='bbox 363 2584 422 2649; x_wconf 64' lang='lat' dir='ltr'><strong>im.</strong></span> <span class='ocrx_word' id='word_1_208' title='bbox 440 2582 501 2648; x_wconf 74' lang='lat' dir='ltr'><strong>do‘o</strong></span> <span class='ocrx_word' id='word_1_209' title='bbox 518 2611 546 2661; x_wconf 85' lang='grc' dir='ltr'><strong>ρ.</strong></span> <span class='ocrx_word' id='word_1_210' title='bbox 567 2596 623 2646; x_wconf 87' lang='grc'><strong>133.</strong></span> <span class='ocrx_word' id='word_1_211' title='bbox 641 2593 671 2658; x_wconf 77' lang='grc' dir='ltr'><strong>ψ.</strong></span> <span class='ocrx_word' id='word_1_212' title='bbox 689 2595 749 2647; x_wconf 86' lang='grc'><strong>845.</strong></span> <span class='ocrx_word' id='word_1_213' title='bbox 768 2611 798 2644; x_wconf 83' lang='grc' dir='ltr'><strong>ω.</strong></span> <span class='ocrx_word' id='word_1_214' title='bbox 816 2595 858 2648; x_wconf 83' lang='grc'><strong>23.</strong></span> <span class='ocrx_word' id='word_1_215' title='bbox 896 2590 977 2645; x_wconf 86' lang='lat' dir='ltr'><strong>Pluro</strong></span> <span class='ocrx_word' id='word_1_216' title='bbox 1004 2591 1032 2644; x_wconf 87' lang='lat' dir='ltr'><strong>iu</strong></span> <span class='ocrx_word' id='word_1_217' title='bbox 1055 2590 1098 2644; x_wconf 89' lang='lat' dir='ltr'><strong>his</strong></span> <span class='ocrx_word' id='word_1_218' title='bbox 1120 2590 1233 2660; x_wconf 80' lang='lat' dir='ltr'><strong>indigna</strong></span> <span class='ocrx_word' id='word_1_219' title='bbox 1256 2599 1322 2647; x_wconf 88' lang='lat' dir='ltr'><strong>sunt</strong></span> 
     </span>
     <span class='ocr_line' id='line_1_26' title="bbox 313 2658 1321 2730; baseline -0.001 -14"><span class='ocrx_word' id='word_1_220' title='bbox 313 2662 392 2716; x_wconf 88' lang='lat' dir='ltr'><strong>docto</strong></span> <span class='ocrx_word' id='word_1_221' title='bbox 410 2667 500 2730; x_wconf 82' lang='lat' dir='ltr'><strong>po&#39;e&#39;ta,</strong></span> <span class='ocrx_word' id='word_1_222' title='bbox 519 2666 547 2713; x_wconf 86' lang='lat' dir='ltr'><strong>et</strong></span> <span class='ocrx_word' id='word_1_223' title='bbox 564 2675 579 2712; x_wconf 91' lang='lat' dir='ltr'><strong>e</strong></span> <span class='ocrx_word' id='word_1_224' title='bbox 597 2660 693 2728; x_wconf 88' lang='lat' dir='ltr'><strong>quibus</strong></span> <span class='ocrx_word' id='word_1_225' title='bbox 711 2660 745 2714; x_wconf 92' lang='lat' dir='ltr'><strong>de</strong></span> <span class='ocrx_word' id='word_1_226' title='bbox 764 2659 907 2728; x_wconf 91' lang='lat' dir='ltr'><strong>disciplina</strong></span> <span class='ocrx_word' id='word_1_227' title='bbox 921 2658 1103 2728; x_wconf 88' lang='lat' dir='ltr'><strong>Stesimbroti,</strong></span> <span class='ocrx_word' id='word_1_228' title='bbox 1120 2660 1197 2714; x_wconf 88' lang='lat' dir='ltr'><strong>cuius</strong></span> <span class='ocrx_word' id='word_1_229' title='bbox 1209 2659 1255 2715; x_wconf 90' lang='lat' dir='ltr'><strong>ille</strong></span> <span class='ocrx_word' id='word_1_230' title='bbox 1268 2661 1321 2716; x_wconf 89' lang='lat' dir='ltr'><strong>dis-</strong></span> 
     </span>
     <span class='ocr_line' id='line_1_27' title="bbox 312 2727 1321 2851; baseline 0.002 -69"><span class='ocrx_word' id='word_1_231' title='bbox 312 2727 632 2851; x_wconf 44' lang='lat' dir='ltr'><strong>rcrffnuelurffofiuissrsigaffrm’</strong></span> <span class='ocrx_word' id='word_1_232' title='bbox 643 2744 697 2782; x_wconf 92' lang='lat' dir='ltr'><strong>non</strong></span> <span class='ocrx_word' id='word_1_233' title='bbox 715 2728 817 2797; x_wconf 91' lang='lat' dir='ltr'><strong>optime</strong></span> <span class='ocrx_word' id='word_1_234' title='bbox 836 2727 982 2781; x_wconf 77' lang='lat' dir='ltr'><strong>existimes·</strong></span> <span class='ocrx_word' id='word_1_235' title='bbox 1012 2727 1067 2783; x_wconf 86' lang='lat' dir='ltr'><strong>Sed</strong></span> <span class='ocrx_word' id='word_1_236' title='bbox 1084 2728 1163 2782; x_wconf 84' lang='lat' dir='ltr'><strong>iniis</strong></span> <span class='ocrx_word' id='word_1_237' title='bbox 1180 2728 1321 2784; x_wconf 89' lang='lat' dir='ltr'><strong>immorari</strong></span> 
     </span>
    </p>
   </div>
   <div class='ocr_carea' id='block_1_5' title="bbox 309 2878 1320 3852">
    <p class='ocr_par' dir='ltr' id='par_1_8' title="bbox 310 2878 1320 3426">
     <span class='ocr_line' id='line_1_28' title="bbox 350 2878 1318 2962; baseline 0.004 -29"><span class='ocrx_word' id='word_1_238' title='bbox 350 2949 356 2961; x_wconf 33' lang='grc' dir='ltr'><strong><em>Ι</em></strong></span> <span class='ocrx_word' id='word_1_239' title='bbox 379 2882 416 2949; x_wconf 73' lang='grc'><strong>46)</strong></span> <span class='ocrx_word' id='word_1_240' title='bbox 431 2879 491 2934; x_wconf 90' lang='lat' dir='ltr'><strong>Vid.</strong></span> <span class='ocrx_word' id='word_1_241' title='bbox 514 2880 548 2935; x_wconf 90' lang='lat' dir='ltr'><strong>ad</strong></span> <span class='ocrx_word' id='word_1_242' title='bbox 568 2881 597 2947; x_wconf 80' lang='grc' dir='ltr'><strong>β.</strong></span> <span class='ocrx_word' id='word_1_243' title='bbox 616 2885 657 2936; x_wconf 85' lang='grc'><strong>53.</strong></span> <span class='ocrx_word' id='word_1_244' title='bbox 675 2881 723 2936; x_wconf 94' lang='lat' dir='ltr'><strong>ubi</strong></span> <span class='ocrx_word' id='word_1_245' title='bbox 740 2882 769 2935; x_wconf 93' lang='lat' dir='ltr'><strong>in</strong></span> <span class='ocrx_word' id='word_1_246' title='bbox 788 2900 813 2935; x_wconf 85' lang='lat' dir='ltr'><strong>a.</strong></span> <span class='ocrx_word' id='word_1_247' title='bbox 833 2885 892 2936; x_wconf 81' lang='lat'>187.</span> <span class='ocrx_word' id='word_1_248' title='bbox 920 2878 1161 2960; x_wconf 71' lang='lat' dir='ltr'><strong>deraseribitur.⁸</strong></span> <span class='ocrx_word' id='word_1_249' title='bbox 1177 2882 1259 2962; x_wconf 74' lang='lat' dir='ltr'><strong>⁸Fide</strong></span> <span class='ocrx_word' id='word_1_250' title='bbox 1279 2883 1318 2962; x_wconf 84' lang='lat' dir='ltr'><strong>di·</strong></span> 
     </span>
     <span class='ocr_line' id='line_1_29' title="bbox 312 2948 1320 3098; baseline 0.002 -26"><span class='ocrx_word' id='word_1_251' title='bbox 312 2955 503 3098; x_wconf 50' lang='lat' dir='ltr'><strong>{libidini</strong></span> <span class='ocrx_word' id='word_1_252' title='bbox 518 2950 982 3098; x_wconf 56' lang='lat' dir='ltr'><strong>tttlldltltllhiltdl</strong></span> <span class='ocrx_word' id='word_1_253' title='bbox 996 2948 1320 3098; x_wconf 59' lang='lat' dir='ltr'><strong>lithhiiitisglliil</strong></span> 
     </span>
     <span class='ocr_line' id='line_1_30' title="bbox 310 3085 1316 3156; baseline 0.001 -17"><span class='ocrx_word' id='word_1_254' title='bbox 310 3103 339 3139; x_wconf 93' lang='lat' dir='ltr'><strong>1n</strong></span> <span class='ocrx_word' id='word_1_255' title='bbox 357 3102 422 3154; x_wconf 77' lang='lat' dir='ltr'><strong>ipsis</strong></span> <span class='ocrx_word' id='word_1_256' title='bbox 440 3085 507 3154; x_wconf 91' lang='lat' dir='ltr'><strong>Opp.</strong></span> <span class='ocrx_word' id='word_1_257' title='bbox 527 3087 639 3140; x_wconf 79' lang='lat' dir='ltr'><strong>Aristot.</strong></span> <span class='ocrx_word' id='word_1_258' title='bbox 674 3087 716 3140; x_wconf 88' lang='lat' dir='ltr'><strong>Ac</strong></span> <span class='ocrx_word' id='word_1_259' title='bbox 734 3087 800 3140; x_wconf 82' lang='lat' dir='ltr'><strong>tuha</strong></span> <span class='ocrx_word' id='word_1_260' title='bbox 817 3103 846 3140; x_wconf 90' lang='lat' dir='ltr'><strong>m</strong></span> <span class='ocrx_word' id='word_1_261' title='bbox 862 3088 896 3140; x_wconf 89' lang='lat' dir='ltr'><strong>iis</strong></span> <span class='ocrx_word' id='word_1_262' title='bbox 917 3087 993 3140; x_wconf 89' lang='lat' dir='ltr'><strong>hbms</strong></span> <span class='ocrx_word' id='word_1_263' title='bbox 1012 3100 1078 3152; x_wconf 81' lang='lat' dir='ltr'><strong>erue,</strong></span> <span class='ocrx_word' id='word_1_264' title='bbox 1102 3101 1149 3153; x_wconf 86' lang='lat' dir='ltr'><strong>qm</strong></span> <span class='ocrx_word' id='word_1_265' title='bbox 1165 3094 1316 3156; x_wconf 83' lang='lat' dir='ltr'><strong>pemerunt,</strong></span> 
     </span>
     <span class='ocr_line' id='line_1_31' title="bbox 311 3152 1308 3222; baseline 0.002 -14"><span class='ocrx_word' id='word_1_266' title='bbox 311 3154 513 3222; x_wconf 87' lang='lat' dir='ltr'><strong>aliquammulta</strong></span> <span class='ocrx_word' id='word_1_267' title='bbox 529 3153 611 3208; x_wconf 81' lang='lat' dir='ltr'><strong>fuisse</strong></span> <span class='ocrx_word' id='word_1_268' title='bbox 630 3152 758 3209; x_wconf 87' lang='lat' dir='ltr'><strong>credibile</strong></span> <span class='ocrx_word' id='word_1_269' title='bbox 777 3161 818 3210; x_wconf 88' lang='lat' dir='ltr'><strong>est</strong></span> <span class='ocrx_word' id='word_1_270' title='bbox 846 3155 930 3209; x_wconf 93' lang='lat' dir='ltr'><strong>etiam</strong></span> <span class='ocrx_word' id='word_1_271' title='bbox 948 3153 1143 3208; x_wconf 87' lang='lat' dir='ltr'><strong>illustrationes</strong></span> <span class='ocrx_word' id='word_1_272' title='bbox 1161 3155 1308 3210; x_wconf 85' lang='lat' dir='ltr'><strong>lectionum</strong></span> 
     </span>
     <span class='ocr_line' id='line_1_32' title="bbox 311 3195 1320 3301; baseline 0 -24"><span class='ocrx_word' id='word_1_273' title='bbox 311 3222 459 3277; x_wconf 86' lang='lat' dir='ltr'><strong>cuiusmodi</strong></span> <span class='ocrx_word' id='word_1_274' title='bbox 482 3222 528 3276; x_wconf 86' lang='lat' dir='ltr'><strong>ille</strong></span> <span class='ocrx_word' id='word_1_275' title='bbox 551 3227 592 3276; x_wconf 91' lang='lat' dir='ltr'><strong>est</strong></span> <span class='ocrx_word' id='word_1_276' title='bbox 615 3237 658 3301; x_wconf 86' lang='lat' dir='ltr'><strong>ap.</strong></span> <span class='ocrx_word' id='word_1_277' title='bbox 684 3223 791 3278; x_wconf 89' lang='lat' dir='ltr'><strong>Aelian.</strong></span> <span class='ocrx_word' id='word_1_278' title='bbox 813 3196 847 3278; x_wconf 70' lang='lat' dir='ltr'><strong>it</strong></span> <span class='ocrx_word' id='word_1_279' title='bbox 866 3225 899 3277; x_wconf 86' lang='lat' dir='ltr'><strong>A.</strong></span> <span class='ocrx_word' id='word_1_280' title='bbox 921 3220 986 3290; x_wconf 86' lang='lat' dir='ltr'><strong>XV,</strong></span> <span class='ocrx_word' id='word_1_281' title='bbox 1008 3226 1050 3275; x_wconf 84' lang='lat'><strong>28.</strong></span> <span class='ocrx_word' id='word_1_282' title='bbox 1086 3222 1120 3275; x_wconf 92' lang='lat' dir='ltr'><strong>In</strong></span> <span class='ocrx_word' id='word_1_283' title='bbox 1144 3220 1257 3277; x_wconf 87' lang='lat' dir='ltr'><strong>Venetis</strong></span> <span class='ocrx_word' id='word_1_284' title='bbox 1281 3195 1320 3279; x_wconf 71' lang='lat' dir='ltr'><strong>ad</strong></span> 
     </span>
     <span class='ocr_line' id='line_1_33' title="bbox 310 3290 1316 3360; baseline 0.003 -16"><span class='ocrx_word' id='word_1_285' title='bbox 310 3290 411 3356; x_wconf 56' lang='grc'><strong>18447.</strong></span> <span class='ocrx_word' id='word_1_286' title='bbox 430 3297 458 3343; x_wconf 92' lang='lat' dir='ltr'><strong>et</strong></span> <span class='ocrx_word' id='word_1_287' title='bbox 476 3308 492 3344; x_wconf 88' lang='grc' dir='ltr'><strong>ι,</strong></span> <span class='ocrx_word' id='word_1_288' title='bbox 503 3294 545 3344; x_wconf 81' lang='lat'><strong>21.</strong></span> <span class='ocrx_word' id='word_1_289' title='bbox 564 3290 648 3344; x_wconf 81' lang='lat' dir='ltr'><strong>ouius</strong></span> <span class='ocrx_word' id='word_1_290' title='bbox 665 3297 788 3360; x_wconf 87' lang='lat' dir='ltr'><strong>apparet,</strong></span> <span class='ocrx_word' id='word_1_291' title='bbox 806 3291 965 3346; x_wconf 83' lang='lat' dir='ltr'><strong>Aristotehs</strong></span> <span class='ocrx_word' id='word_1_292' title='bbox 978 3305 1075 3344; x_wconf 90' lang='lat' dir='ltr'><strong>nomen</strong></span> <span class='ocrx_word' id='word_1_293' title='bbox 1084 3291 1244 3346; x_wconf 88' lang='lat' dir='ltr'><strong>mutandum</strong></span> <span class='ocrx_word' id='word_1_294' title='bbox 1256 3306 1316 3347; x_wconf 90' lang='lat' dir='ltr'><strong>esse</strong></span> 
     </span>
     <span class='ocr_line' id='line_1_34' title="bbox 311 3358 552 3426; baseline -0.004 -14"><span class='ocrx_word' id='word_1_295' title='bbox 311 3360 339 3412; x_wconf 94' lang='lat' dir='ltr'><strong>in</strong></span> <span class='ocrx_word' id='word_1_296' title='bbox 356 3358 552 3426; x_wconf 85' lang='lat' dir='ltr'><strong>Aristophanis</strong></span> 
     </span>
    </p>

    <p class='ocr_par' dir='ltr' id='par_1_9' title="bbox 309 3443 1318 3852">
     <span class='ocr_line' id='line_1_35' title="bbox 377 3443 1318 3524; baseline 0.002 -27"><span class='ocrx_word' id='word_1_297' title='bbox 377 3445 413 3512; x_wconf 77' lang='lat'><strong>4⁷)</strong></span> <span class='ocrx_word' id='word_1_298' title='bbox 431 3443 519 3499; x_wconf 88' lang='lat' dir='ltr'><strong>Strab.</strong></span> <span class='ocrx_word' id='word_1_299' title='bbox 538 3444 615 3499; x_wconf 86' lang='lat' dir='ltr'>XIII.</span> <span class='ocrx_word' id='word_1_300' title='bbox 633 3460 659 3512; x_wconf 91' lang='lat' dir='ltr'><strong>p.</strong></span> <span class='ocrx_word' id='word_1_301' title='bbox 672 3448 731 3500; x_wconf 82' lang='lat'><strong>594.</strong></span> <span class='ocrx_word' id='word_1_302' title='bbox 750 3447 831 3511; x_wconf 87' lang='grc'><strong>(888.)</strong></span> <span class='ocrx_word' id='word_1_303' title='bbox 849 3444 920 3500; x_wconf 88' lang='lat' dir='ltr'><strong>Plut.</strong></span> <span class='ocrx_word' id='word_1_304' title='bbox 939 3445 970 3498; x_wconf 91' lang='lat' dir='ltr'><strong>in</strong></span> <span class='ocrx_word' id='word_1_305' title='bbox 987 3443 1067 3522; x_wconf 53' lang='lat' dir='ltr'><strong>Alex:</strong></span> <span class='ocrx_word' id='word_1_306' title='bbox 1084 3460 1113 3524; x_wconf 86' lang='lat' dir='ltr'><strong>p.</strong></span> <span class='ocrx_word' id='word_1_307' title='bbox 1130 3447 1189 3498; x_wconf 83' lang='grc'><strong>668.</strong></span> <span class='ocrx_word' id='word_1_308' title='bbox 1207 3445 1242 3498; x_wconf 91' lang='lat' dir='ltr'><strong>D.</strong></span> <span class='ocrx_word' id='word_1_309' title='bbox 1272 3445 1318 3500; x_wconf 92' lang='lat' dir='ltr'><strong>De-</strong></span> 
     </span>
     <span class='ocr_line' id='line_1_36' title="bbox 309 3511 1315 3569; baseline -0.002 -1"><span class='ocrx_word' id='word_1_310' title='bbox 309 3511 458 3568; x_wconf 89' lang='lat' dir='ltr'><strong>Alexandri</strong></span> <span class='ocrx_word' id='word_1_311' title='bbox 475 3513 563 3568; x_wconf 87' lang='lat' dir='ltr'><strong>studio</strong></span> <span class='ocrx_word' id='word_1_312' title='bbox 581 3512 785 3566; x_wconf 90' lang='lat' dir='ltr'><strong>Homericorum</strong></span> <span class='ocrx_word' id='word_1_313' title='bbox 797 3512 950 3567; x_wconf 80' lang='lat' dir='ltr'><strong>GarmInum</strong></span> <span class='ocrx_word' id='word_1_314' title='bbox 970 3512 1093 3566; x_wconf 83' lang='lat' dir='ltr'><strong>videvm</strong></span> <span class='ocrx_word' id='word_1_315' title='bbox 1104 3517 1231 3566; x_wconf 86' lang='lat' dir='ltr'><strong>accurate</strong></span> <span class='ocrx_word' id='word_1_316' title='bbox 1241 3512 1315 3569; x_wconf 84' lang='lat' dir='ltr'><strong>docti</strong></span> 
     </span>
     <span class='ocr_line' id='line_1_37' title="bbox 309 3579 1315 3649; baseline -0.001 -13"><span class='ocrx_word' id='word_1_317' title='bbox 309 3581 356 3636; x_wconf 87' lang='lat' dir='ltr'><strong>Ste</strong></span> <span class='ocrx_word' id='word_1_318' title='bbox 375 3581 456 3636; x_wconf 84' lang='lat' dir='ltr'><strong>Croix</strong></span> <span class='ocrx_word' id='word_1_319' title='bbox 473 3581 596 3636; x_wconf 87' lang='lat' dir='ltr'><strong>Examen</strong></span> <span class='ocrx_word' id='word_1_320' title='bbox 615 3581 662 3636; x_wconf 88' lang='lat' dir='ltr'><strong>des</strong></span> <span class='ocrx_word' id='word_1_321' title='bbox 680 3580 825 3634; x_wconf 89' lang='lat' dir='ltr'><strong>historiens</strong></span> <span class='ocrx_word' id='word_1_322' title='bbox 842 3580 1028 3635; x_wconf 89' lang='lat' dir='ltr'><strong>d’Alexandre</strong></span> <span class='ocrx_word' id='word_1_323' title='bbox 1048 3579 1072 3633; x_wconf 89' lang='lat' dir='ltr'><strong>le</strong></span> <span class='ocrx_word' id='word_1_324' title='bbox 1085 3580 1131 3635; x_wconf 81' lang='lat' dir='ltr'><strong>Gr.</strong></span> <span class='ocrx_word' id='word_1_325' title='bbox 1150 3597 1178 3649; x_wconf 90' lang='lat' dir='ltr'><strong>p.</strong></span> <span class='ocrx_word' id='word_1_326' title='bbox 1193 3586 1261 3649; x_wconf 83' lang='lat'><strong>113,</strong></span> <span class='ocrx_word' id='word_1_327' title='bbox 1280 3581 1315 3635; x_wconf 93' lang='lat' dir='ltr'><strong>de</strong></span> 
     </span>
     <span class='ocr_line' id='line_1_38' title="bbox 311 3647 1314 3721; baseline 0.002 -18"><span class='ocrx_word' id='word_1_328' title='bbox 311 3651 426 3704; x_wconf 86' lang='lat' dir='ltr'><strong>editione</strong></span> <span class='ocrx_word' id='word_1_329' title='bbox 449 3656 540 3704; x_wconf 89' lang='lat' dir='ltr'><strong>autem</strong></span> <span class='ocrx_word' id='word_1_330' title='bbox 566 3655 601 3721; x_wconf 66' lang='grc' dir='ltr'><strong>τῇ</strong></span> <span class='ocrx_word' id='word_1_331' title='bbox 625 3650 655 3700; x_wconf 80' lang='grc' dir='ltr'><strong>ἐκ</strong></span> <span class='ocrx_word' id='word_1_332' title='bbox 682 3652 732 3700; x_wconf 84' lang='grc' dir='ltr'><strong>τοῦ</strong></span> <span class='ocrx_word' id='word_1_333' title='bbox 756 3649 790 3700; x_wconf 81' lang='grc' dir='ltr'><strong>νά</strong></span> <span class='ocrx_word' id='word_1_334' title='bbox 808 3649 890 3718; x_wconf 67' lang='lat' dir='ltr'><strong>siquos</strong></span> <span class='ocrx_word' id='word_1_335' title='bbox 907 3649 1071 3704; x_wconf 88' lang='lat' dir='ltr'><strong>dissidentes</strong></span> <span class='ocrx_word' id='word_1_336' title='bbox 1089 3647 1204 3717; x_wconf 86' lang='lat' dir='ltr'><strong>Giphan.</strong></span> <span class='ocrx_word' id='word_1_337' title='bbox 1224 3648 1314 3704; x_wconf 82' lang='lat' dir='ltr'><strong>Praef.</strong></span> 
     </span>
     <span class='ocr_line' id='line_1_39' title="bbox 309 3668 1317 3840; baseline 0 -68"><span class='ocrx_word' id='word_1_338' title='bbox 309 3717 345 3840; x_wconf 55' lang='lat' dir='ltr'><strong>{td</strong></span> <span class='ocrx_word' id='word_1_339' title='bbox 361 3718 439 3839; x_wconf 44' lang='lat' dir='ltr'><strong>Iket</strong></span> <span class='ocrx_word' id='word_1_340' title='bbox 456 3717 623 3840; x_wconf 52' lang='lat' dir='ltr'>{HSter&#39;ss}</span> <span class='ocrx_word' id='word_1_341' title='bbox 637 3715 709 3771; x_wconf 87' lang='lat' dir='ltr'><strong>Suid.</strong></span> <span class='ocrx_word' id='word_1_342' title='bbox 729 3716 759 3770; x_wconf 91' lang='lat' dir='ltr'><strong>T.</strong></span> <span class='ocrx_word' id='word_1_343' title='bbox 778 3668 814 3769; x_wconf 54' lang='lat' dir='ltr'><strong>If.</strong></span> <span class='ocrx_word' id='word_1_344' title='bbox 832 3732 858 3785; x_wconf 93' lang='lat' dir='ltr'><strong>p.</strong></span> <span class='ocrx_word' id='word_1_345' title='bbox 876 3721 903 3772; x_wconf 93' lang='grc'><strong>8.</strong></span> <span class='ocrx_word' id='word_1_346' title='bbox 924 3728 953 3770; x_wconf 87' lang='lat' dir='ltr'><strong>et</strong></span> <span class='ocrx_word' id='word_1_347' title='bbox 972 3717 1116 3772; x_wconf 87' lang='lat' dir='ltr'><strong>Burmann.</strong></span> <span class='ocrx_word' id='word_1_348' title='bbox 1136 3717 1193 3771; x_wconf 88' lang='lat' dir='ltr'><strong>Sec.</strong></span> <span class='ocrx_word' id='word_1_349' title='bbox 1211 3718 1247 3773; x_wconf 90' lang='lat' dir='ltr'><strong>ad</strong></span> <span class='ocrx_word' id='word_1_350' title='bbox 1258 3716 1317 3772; x_wconf 78' lang='lat' dir='ltr'><strong>Va-</strong></span> 
     </span>
     <span class='ocr_line' id='line_1_40' title="bbox 320 3801 630 3852; baseline 0.003 -12"><span class='ocrx_word' id='word_1_351' title='bbox 320 3801 357 3842; x_wconf 83' lang='lat' dir='ltr'><strong>es.</strong></span> <span class='ocrx_word' id='word_1_352' title='bbox 400 3802 462 3841; x_wconf 90' lang='lat' dir='ltr'><strong>men</strong></span> <span class='ocrx_word' id='word_1_353' title='bbox 500 3801 553 3852; x_wconf 84' lang='lat' dir='ltr'><strong>.p.</strong></span> <span class='ocrx_word' id='word_1_354' title='bbox 625 3829 630 3841; x_wconf 93' lang='lat'><em>.</em></span> 
     </span>
    </p>
   </div>
   <div class='ocr_carea' id='block_1_6' title="bbox 0 0 1522 4434">
    <p class='ocr_par' dir='ltr' id='par_1_10' title="bbox 0 0 1522 4434">
     <span class='ocr_line' id='line_1_41' title="bbox 0 0 1522 4434; baseline 0 3"><span class='ocrx_word' id='word_1_355' title='bbox 0 0 1522 4434; x_wconf 95' lang='lat' dir='ltr'><strong> </strong></span> 
     </span>
    </p>
   </div>
  </div>
 </body>
</html>
