3034 4434
725 546 902 598 ..52-

308 695 353 755 bit
372 711 531 778 sermonem
545 692 673 766 Homeri,
695 708 781 765 quam
795 695 1063 768 interpretationem
1078 703 1221 769 veterum,
1243 714 1316 769 quae

311 779 341 831 et
358 773 472 831 illorum
488 776 519 830 et
537 775 701 829 nostrorum
721 775 883 845 temporum
904 773 969 830 usui
982 780 1135 846 repugnet,
1157 775 1314 848 amplect'l

388 849 488 920 Qualis
502 855 600 906 tamen
610 848 659 906 ille
672 864 734 906 mos
747 846 845 922 fuerit,
866 850 965 920 qualia
978 850 1061 922 signa
1073 850 1184 924 Proeti,
1195 851 1316 911 Iobatae

310 932 479 998 monstrata,
500 940 641 998 quaerere
662 930 708 984 est
729 926 802 984 alius
815 927 880 985 loci.
901 926 1024 986 Veteres
1041 927 1232 988 Grammatici
1246 929 1315 1000 quid

309 1003 495 1076 coniecerint,
516 1004 691 1075 ignoramur,
712 1003 770 1061 nisi
790 1004 866 1075 qnod
887 1004 972 1078 pauci
992 1004 1107 1064 illorum
1128 1005 1267 1064 videntur
1280 1022 1315 1064 ea

309 1082 340 1139 in
353 1097 471 1140 numero
486 1078 692 1157 ἱερογλυφικῶν
705 1079 851 1153 habuisse,
866 1081 1106 1153 quemadmodum
1117 1083 1218 1156 plures
1228 1083 1316 1143 hodie

310 1155 495 1230 fecerunta).
529 1156 570 1215 At
582 1156 753 1230 Apollodori
772 1158 867 1217 locum
886 1159 967 1217 illum
986 1175 1049 1217 cum
1065 1159 1187 1218 Scholiis
1207 1161 1315 1220 nostris

311 1236 491 1309 comparanti
509 1233 588 1293 baud
609 1250 696 1306 aegre
716 1235 918 1308 persuadeam,
938 1233 1042 1293 πίνακα
1060 1234 1185 1294 πτυκτὸν
1206 1237 1316 1296 abillis

310 1313 440 1372 habitum
468 1328 532 1371 esse
557 1311 683 1384 ligneam
708 1321 835 1368 taceam
860 1314 906 1370 vel
932 1316 1078 1384 symbolam
1098 1314 1239 1387 aliquem,
1267 1315 1317 1386 qui

311 1394 395 1449 notas
414 1388 577 1450 mortiferas
606 1388 673 1447 rudi
698 1394 762 1448 arte
788 1389 894 1448 incisas
922 1388 1108 1461 habuerit49).
1148 1391 1195 1450 De
1216 1391 1317 1451 tabula

273 1484 297 1524 οι
312 1472 413 1527 cerata
433 1468 564 1541 cogitare
578 1466 626 1525 vix
639 1466 707 1524 sinit
721 1467 898 1527 consuetudo
912 1472 1025 1541 poetae,
1040 1465 1227 1529 artificiosam
1242 1470 1319 1526 eins-

312 1544 390 1604 modi
410 1561 527 1618 0peram
541 1544 638 1616 aliquo
652 1549 732 1602 certe
746 1544 876 1618 epitheto
890 1545 984 1603 aliave
999 1544 1164 1604 adiectione
1178 1547 1319 1605 ornaturi.

776 1723 863 1797 XX.

389 1873 484 1933 Docet
497 1889 566 1944 ergo
579 1872 706 1931 locorum
718 1872 833 1929 illorum
848 1872 1010 1944 explicatio,
1031 1889 1088 1931 non
1102 1886 1138 1929 ex
1151 1872 1316 1944 peregrinis

313 1949 494 2023 opinionibus
515 1954 651 2022 captata,
677 1947 730 2005 sed
755 1948 889 2007 instituta
909 1949 1066 2021 diligenter
1087 1965 1123 2007 ex
1143 1949 1318 2008 Homericae

314 2027 451 2086 orationis
464 2027 654 2099 proprietate,
669 2025 843 2084 mentionem
859 2027 1020 2098 scripturae
1034 2027 1064 2083 in
1077 2025 1113 2084 iis
1126 2024 1191 2084 fieri
1200 2026 1318 2084 nullam.

399 2190 436 2254 ο)
470 2187 502 2241 v.
522 2202 544 2242 a.
562 2187 698 2242 asaneus
715 2187 810 2241 neza.
833 2186 868 2241 aa
886 2187 961 2242 ovio.
980 2186 1056 2254 npp.
1073 2145 1185 2241 aaron.
1204 2187 1235 2240 r.
1254 2191 1273 2240 1.
1300 2204 1318 2255 p

313 2262 371 2381 ῗ28.
389 2257 603 2380 EHutiutshit'amen
621 2256 732 2311 rationis
750 2255 885 2324 quoddam
902 2255 1045 2324 vestigium
1064 2261 1105 2309 est
1122 2256 1151 2308 in
1169 2255 1310 2324 exsignato

323 2343 371 2383 oco
415 2343 476 2381 usa
518 2342 534 2378 l.

382 2415 418 2481 49)
442 2411 529 2467 schol.
555 2410 619 2465 (lod.
637 2412 670 2463 A.
689 2410 724 2465 ad
741 2427 765 2464 V.
787 2414 843 2465 169.
881 2408 905 2462 Γ
899 2410 989 2480 ράψαι
1012 2410 1074 2462 ἐστὶ
1092 2410 1123 2462 τὸ
1142 2411 1239 2471 ξέοαι’
1259 2409 1316 2462 οἷον

314 2483 361 2537 οὖν
381 2479 539 2556 ἐγχαράξας
563 2477 703 2541 εἴδωλα,
723 2481 765 2532 δι’
790 2479 833 2532 ὧν
858 2477 930 2531 ἔδει
951 2481 1081 2546 γνῶναι
1107 2478 1165 2530 τὸν
1185 2482 1318 2531 πενθε-

339 2554 375 2605 ὸν
394 2555 452 2605 τοῦ
472 2548 635 2618 Προίτου,
672 2546 880 2603 Gircumlocutio
897 2548 965 2600 haec
984 2552 1025 2599 est
1043 2546 1126 2613 verbi,
1145 2547 1218 2614 quod
1235 2547 1320 2614 Apol·

314 2573 367 2676 fiad.
386 2619 517 2686 adhibuit,
537 2618 712 2686 inarabile,
736 2623 767 2669 ut
784 2632 847 2685 pers
867 2616 957 2669 ionum
976 2615 1018 2683 sit,
1044 2615 1156 2669 eandem
1174 2622 1320 2682 utrumque

315 2690 476 2744 sententiam
495 2687 578 2755 sequi.
613 2684 740 2740 Eustath.
759 2684 776 2737 l.
795 2700 817 2738 c.
856 2683 984 2754 'bprnr'dpr
1009 2703 1059 2736 που
1078 2683 1112 2735 τὰ
1127 2682 1255 2754 Ὁμηρικὰ
1273 2685 1320 2753 σή-

314 2776 389 2824 ματα
416 2757 455 2816 εῑς
483 2754 649 2821 ξύμβολα
675 2752 841 2818 μεταλαβών
861 2771 942 2823 φησι·
974 2749 1150 2812 Ξένοιςτε
1168 2753 1319 2816 πέμπειν

316 2825 485 2890 σύμβολα,
513 2823 546 2874 οἳ
573 2822 793 2891 δμάοουοίθ
812 2822 857 2875 εὖ.
900 2820 1011 2888 (Medea
1028 2837 1052 2874 v.
1071 2824 1141 2888 613.)
1175 2820 1322 2874 Mihiveri

336 2893 451 2947 ersimilc
469 2891 584 2959 videtur,
602 2892 655 2945 iam
673 2897 731 2944 tum
748 2891 820 2944 inter
836 2896 966 2958 cognatos
984 2889 1131 2944 obtinuisse
1149 2895 1228 2943 notas
1240 2905 1320 2957 qnas-

315 2910 378 3016 ἔξω]
396 2960 562 3030 symbolicae,
581 2960 677 3028 quibus
701 2959 734 3013 de
752 2960 883 3012 nonnullis
900 2959 1058 3026 gravissimis
1075 2959 1151 3010 rebus
1168 2972 1248 3011 sensa
1266 2957 1322 3010 ani·

315 3047 419 3085 morum
437 3031 508 3082 inter
525 3043 553 3082 se
569 3028 803 3095 communicarent,
820 3027 849 3080 in
860 3027 1006 3096 primisque
1019 3026 1071 3080 hoc
1083 3041 1167 3093 genus
1178 3027 1237 3091 ιλιιμ
1276 3027 1319 3078 bb

316 3117 373 3169 ραν
393 3099 532 3169 οημοίτιιιν,
548 3097 686 3151 inventum
704 3094 818 3150 fortasse
837 3111 870 3149 ca
887 3100 986 3162 aetate,
1004 3110 1059 3163 qna
1076 3094 1185 3149 ultionis
1197 3044 1321 3148 cuffiam

317 3173 345 3221 et
363 3165 562 3220 inimicitiarum
581 3165 639 3219 dira
658 3165 771 3219 saevitia
788 3165 906 3233 vigebat.
925 3162 978 3218 Sed
994 3164 1063 3217 haec
1075 3162 1229 3217 accuratius
1238 3162 1322 3230 expli·

317 3235 403 3290 canda
421 3233 528 3289 suntin
546 3233 675 3302 singulari
693 3234 855 3301 quaestione
874 3233 907 3287 de
924 3233 1041 3300 symbolis
1058 3242 1175 3284 oerercn
1208 3231 1323 3284 Interim

317 3304 449 3358 neminem
473 3301 623 3371 poenitebit
645 3317 802 3370 comparare
828 3301 924 3355 similia
949 3300 1022 3368 apud
1046 3299 1199 3353 Marianum
1217 3315 1245 3367 p.
1263 3303 1322 3354 528.

317 3389 330 3427 s
350 3389 384 3440 q,
401 3372 430 3425 in
448 3369 544 3441 quibus
562 3371 643 3424 ctiam
666 3377 728 3424 sunt
744 3369 907 3424 facetissima
924 3369 1005 3423 haec:
1038 3367 1083 3421 »Si
1100 3368 1191 3422 c'etoit
1209 3368 1237 3422 la
1255 3368 1322 3422 veri·

317 3447 347 3494 ta
365 3441 465 3495 lement
482 3455 536 3495 une
554 3438 634 3492 lettre
652 3439 735 3494 ecrite
753 3453 787 3492 en
800 3439 952 3494 carnotinos
969 3435 1133 3505 d'alphabet,
1151 3436 1171 3488 il
1180 3436 1265 3490 seroit
1278 3451 1323 3488 ex·

317 3512 477 3564 tremement
503 3507 639 3576 singulier,
667 3508 765 3576 qu’une
789 3507 927 3562 invention
951 3506 974 3560 si
999 3505 1067 3560 utile
1094 3511 1122 3558 et
1149 3504 1272 3558 des-lons
1299 3503 1321 3557 si

319 3593 431 3647 connne,
451 3579 497 3632 ent
515 3575 625 3643 disparu
643 3575 715 3630 deux
732 3577 903 3645 generations
921 3576 1009 3643 apres,
1027 3573 1094 3628 dans
1106 3573 1153 3627 des
1166 3572 1320 3640 conjonctu-

318 3663 361 3706 res
380 3649 415 3702 ob
433 3663 482 3703 son
499 3659 582 3713 usage
600 3644 726 3700 devenoit
743 3644 822 3699 d’une
841 3651 901 3699 tout
918 3649 996 3698 autre
1015 3642 1189 3711 importance.
1214 3641 1321 3694 Ναυλ-

318 3717 362 3770 elle
389 3719 455 3771 donc
472 3717 553 3768 bonne
571 3733 619 3782 qne
633 3732 703 3781 pour
721 3714 765 3767 dea
782 3714 865 3766 lettres
882 3714 913 3766 dc
930 3712 1173 3777 recommendation,
1196 3711 1242 3776 qni
1264 3720 1315 3762 ren-

318 3786 403 3840 doient
421 3788 438 3838 b
454 3786 521 3849 taire
539 3784 643 3838 devorer
660 3783 695 3837 ba
710 3801 774 3852 gene
786 3799 841 3850 por
857 3784 885 3835 la
904 3780 1053 3834 Obe'mdrein
