3034 4434
645 543 758 601 -179
790 575 826 583 -
1163 594 1181 631 4

314 698 390 769 [Hoc
405 713 517 767 quoque
539 696 631 753 simile
653 695 728 766 quod
749 712 803 767 par
822 696 851 752 in
871 700 993 767 utroque
1013 711 1101 768 opere
1122 700 1234 769 strages

235 776 313 834 foeta
334 779 379 832 est
398 779 525 831 veterum
547 789 666 845 operum
686 772 724 830 ed
743 773 794 830 ille
813 772 985 831 illustranda
1006 776 1036 830 et
1055 772 1235 831 emendanda

237 851 453 927 pertinentium.
496 850 582 921 Quasi
603 866 656 922 per
676 849 829 921 caliginem
850 847 1123 918 animadverterem)
1142 851 1233 922 possi-

233 948 296 989 mus
318 946 353 986 ea
382 944 455 998 quae
470 927 547 984 circe
567 922 718 1004 διασκευήν
738 932 768 984 et
785 943 851 985 mox
873 927 937 984 aliis
951 926 1042 985 modis
1056 924 1133 985 foeta
1146 930 1234 999 sunt].

236 1009 284 1067 Sic
304 1005 424 1064 Masona
444 1004 612 1075 saepissime
632 1005 661 1060 in
682 1004 862 1075 corruptelas
882 1008 979 1063 textus
999 1003 1125 1075 vulgaris
1145 1005 1236 1062 nostri

233 1083 403 1155 conspirat3
440 1081 515 1139 idem
542 1080 647 1139 accidit
677 1096 877 1150 nonnunquam
902 1080 931 1137 in
960 1080 1102 1153 Homero,
1133 1086 1166 1139 ut
1188 1097 1235 1140 su-

235 1166 337 1235 specta
357 1160 422 1217 loca
449 1163 478 1216 et
497 1158 634 1216 lectiones
655 1158 779 1216 omnium
800 1157 976 1217 Scholiorum
997 1163 1027 1216 et
1045 1154 1237 1234 παραδόσεως

235 1237 410 1297 auctoritate
431 1233 630 1293 defendantur.

313 1314 433 1371 Masona
452 1312 548 1369 multis
568 1311 685 1385 ineptiis
701 1314 731 1369 et
745 1309 865 1370 exilibus
880 1312 1145 1386 superstitiosisque
1159 1329 1235 1372 eom·

236 1392 339 1449 mentis
361 1390 494 1462 opplete3
514 1389 586 1447 haee
600 1389 749 1460 congeries
765 1387 941 1447 Scholiorum
954 1407 1010 1449 non
1024 1394 1105 1448 earet
1117 1389 1233 1448 talibus.

235 1469 300 1527 Etsi
322 1467 426 1526 Graeci
447 1466 533 1524 aliter
553 1466 686 1537 delirant,
708 1465 793 1523 aliter
812 1465 931 1538 Judeei3
959 1472 989 1525 et
1009 1466 1095 1525 aliter
1114 1466 1162 1538 qui
1181 1466 1234 1524 lin-

238 1562 314 1619 guae
335 1543 550 1616 grammaticam
570 1543 711 1602 rationem
732 1547 813 1601 tenet
832 1540 917 1603 aliter
936 1544 985 1615 qui
1006 1560 1068 1603 eam
1081 1560 1137 1602 non
1152 1550 1235 1602 curat

236 1621 421 1693 indoctusil).

314 1699 432 1756 Masoro
454 1704 483 1756 et
494 1697 609 1757 Scholia
627 1697 747 1754 Homeri
769 1695 898 1770 Corpora
917 1704 984 1757 sunt
1004 1698 1126 1757 diversis
1140 1698 1234 1757 diver·

237 1793 334 1835 sorum
355 1781 481 1834 aetatum
504 1772 717 1833 excussionibus
738 1776 922 1847 completota.

238 1888 436 1897 ...η-ω*-

338 1954 373 2020 ⁵0)
390 1952 487 2006 videro.
592 1953 627 2021 ⁵1)
645 1951 726 2005 rudis.

452 3662 523 3712 'rypts
537 3662 688 3712 oroegeuanm
702 3662 727 3704 0.
743 3662 842 3705 Foiohtii
858 3665 1018 3708 Berolineusis.

503 3797 631 3850 sumptibus
644 3799 666 3842 8.
683 3800 779 3848 (telvm
793 3800 884 3852 ejusque
897 3804 959 3845 soon.
1010 3808 1014 3817 ·
