3034 4434
620 537 732 591 -143
761 565 796 574 —

210 684 341 751 Horatii,
367 704 459 740 versus
480 705 546 756 quoe
565 686 693 740 iudicarit
714 687 828 741 Homeri
845 706 900 741 non
920 706 990 756 eree,·
1015 702 1109 759 neque
1130 687 1208 761 oqui·

208 762 271 821 dem
293 761 409 833 dubito,
435 762 504 834 quin
530 762 551 818 ii
577 762 700 819 maxima
727 778 762 819 ex
789 768 873 835 parte
899 763 973 821 tales
994 763 1048 821 visi
1067 765 1124 822 sint
1143 765 1207 822 Ari-

208 839 339 898 starcho:
363 841 441 907 (uam
462 839 535 897 varii
556 838 633 896 modi
654 840 886 910 corruptelarum
900 845 930 898 et
943 840 1207 914 interpolationem,

205 933 275 988 quas
296 916 454 974 Homerum
477 922 628 989 expertum
647 932 736 987 snpra
757 916 886 988 exposui,
908 918 997 975 multo
1018 918 1123 976 clarius
1146 925 1207 977 tum

205 993 339 1065 cognosci
360 998 526 1065 potnerunt,
547 1009 632 1064 quam
647 1008 682 1050 ex
696 999 778 1051 tauto
792 993 944 1051 intervallo
957 998 1119 1066 temporum
1127 998 1147 1065 ι)
1163 999 1205 1053 at-
1219 1009 1256 1050 aas

205 1077 372 1129 tamennon
386 1069 482 1142 credo,
496 1069 705 1127 istamremab
721 1070 771 1127 illo
786 1071 815 1127 in
830 1086 932 1142 magno
948 1070 1113 1129 discrimine
1129 1072 1206 1144 posi·

205 1153 262 1205 tam
283 1162 358 1204 esse.
384 1147 473 1204 Immo
489 1163 575 1218 quum
589 1146 690 1205 horum
704 1152 867 1219 temporum
881 1152 911 1204 et
923 1146 1068 1206 hominum
1088 1149 1205 1220 ingenia

204 1224 327 1295 intueor,
340 1230 373 1281 ⁴et
387 1224 466 1280 clara
479 1230 607 1280 veterum
621 1223 787 1281 testimonia
800 1230 935 1281 accurate
946 1240 1089 1296 comparo,
1113 1226 1206 1283 videri

204 1301 272 1359 mihi
283 1302 359 1359 solet
369 1300 555 1358 Aristarchus
566 1317 623 1358 non
634 1300 720 1357 aliter
730 1301 901 1358 tractavisse
911 1300 1078 1366 Homerum,
1091 1302 1205 1362 acceto
1265 1331 1267 1333 ·

204 1378 251 1436 ille
265 1377 420 1448 Lucilium,
435 1378 515 1435 ouius
530 1379 699 1447 malefactor
712 1397 805 1432 versus
818 1380 981 1449 emendabat,
998 1385 1085 1449 atquo
1100 1379 1206 1437 Varius

206 1461 234 1514 et
246 1455 344 1512 Tucca
358 1454 473 1525 Virgilii
492 1451 691 1525 imperfectum
706 1460 810 1526 poema
830 1455 984 1512 tractaturi
997 1452 1129 1525 inissent,
1148 1457 1205 1514 nisi

204 1532 352 1591 morientis
367 1531 452 1588 amici
466 1536 496 1588 et
509 1530 634 1602 Augusti
647 1531 779 1589 voluntas
794 1530 1061 1602 intercessissetss).

282 1609 397 1680 Quippe
417 1608 466 1667 illo
482 1608 657 1666 Graecorum
675 1623 755 1678 aevo,
777 1608 906 1679 quamvis
925 1609 955 1665 in
968 1609 1096 1667 minutiis
1111 1626 1204 1682 gram-

205 1686 302 1744 matici
323 1686 437 1756 generis
459 1684 688 1757 occupatissimo,
709 1701 766 1742 non
786 1685 882 1756 potuit
901 1701 958 1743 non
971 1686 1036 1744 vilis
1052 1693 1081 1744 et
1095 1685 1203 1745 eruditi

204 1761 324 1821 hominis
347 1763 477 1820 acumine
497 1778 600 1835 parum
620 1759 707 1833 digna
726 1760 828 1818 haberi
847 1761 920 1819 haec
939 1778 1009 1821 cura
1028 1763 1117 1822 libros
1132 1763 1204 1821 divi-

206 1838 292 1897 dendi
305 1839 335 1896 in
348 1845 457 1912 partes,
477 1837 675 1911 praeponendi
689 1839 853 1911 summaria,
867 1838 982 1897 codices
995 1841 1072 1898 inter
1084 1857 1115 1899 se
1129 1856 1204 1899 conr·

206 1915 336 1989 parandi,
347 1916 530 1975 librariorum
540 1914 645 1973 menda
655 1914 784 1987 tollendi,
794 1915 935 1974 vocabula
944 1917 1034 1990 signis
1045 1916 1207 1976 distinctio-

207 2009 273 2051 num
292 2000 322 2051 et
341 1998 510 2051 accentuum
528 1991 656 2065 notandi,
677 1997 707 2050 et
725 1993 750 2050 si
769 2010 827 2064 qna
840 1993 899 2051 alia
912 2001 988 2067 sunt,
1009 2010 1083 2067 quae
1097 1995 1204 2068 partim

208 2071 392 2142 assignantur
419 2072 630 2126 Grammarartc.
673 2068 719 2127 Ab
750 2069 795 2128 his
826 2069 956 2129 diversos
981 2077 1094 2130 constat
1117 2070 1207 2130 inisse

210 2147 417 2216 Grammaticos,
438 2147 590 2206 verborum
605 2152 635 2203 et
649 2147 858 2205 sententiarum
871 2147 1055 2220 interpretes,
1070 2164 1105 2206 ec
1117 2150 1207 2208 multo

208 2224 298 2297 mame
320 2239 378 2296 eos,
399 2224 449 2295 qui
469 2240 486 2281 a
506 2223 648 2283 nonnullis
662 2223 828 2281 subtiliores
843 2229 873 2281 et
886 2224 1042 2284 nobiliores
1058 2223 1207 2284 Gramma-

208 2300 257 2359 tici
270 2306 411 2359 vocautnr
418 2300 464 2371 15),
495 2302 616 2371 Celticos,
643 2315 763 2371 quorum
782 2317 885 2357 munus
906 2307 978 2373 erat,
1005 2302 1208 2360 anctoritatem
1222 2317 1260 2358 aa

209 2382 237 2435 et
256 2375 427 2454 γνησιότητα
446 2383 576 2435 veterum
596 2376 776 2452 scriptorum,
791 2376 956 2448 exquirere,
983 2381 1013 2434 et
1032 2394 1086 2434 sua
1105 2379 1209 2449 cuique

208 2454 363 2526 vindicare,
383 2455 506 2512 maxime
526 2469 595 2511 vero
615 2453 736 2510 virtutes
756 2453 871 2511 illorum
891 2458 921 2511 et
940 2453 1012 2511 vitia
1024 2469 1207 2526 percensere,

208 2536 239 2590 ut
258 2532 406 2589 discerent
420 2531 579 2602 auditores,
594 2529 663 2602 quid
676 2529 706 2586 in
720 2529 756 2587 iis
770 2530 950 2602 imitandum,
964 2529 1035 2603 qnid
1048 2530 1125 2587 veris
1139 2531 1209 2588 scri·

207 2607 294 2667 beudi
314 2608 428 2681 legibus
449 2609 625 2667 contrarium
645 2612 731 2666 esset.
764 2607 819 2665 Illa
839 2611 884 2665 est
896 2603 914 2684 r)
927 2607 985 2664 τῶν
1000 2604 1092 2684 λόγων
1106 2604 1210 2683 κρίσις,

208 2684 312 2762 πολλῆς
338 2683 439 2762 uesper
459 2683 621 2741 τελευταῖον
642 2679 769 2773 ἐπιγέννῃ
816 2726 825 2754 ,
852 2689 885 2741 ut
904 2684 947 2742 ait
965 2684 1128 2757 Longinus,
1153 2700 1210 2742 nou
1272 2726 1276 2732 .

208 2761 281 2822 haec
300 2763 330 2819 in
351 2761 532 2821 restituendo
554 2762 677 2834 genuino
697 2760 800 2820 habitu
819 2761 958 2820 librorum
979 2767 1009 2820 et
1028 2762 1059 2819 in
1078 2761 1209 2834 aucupiis

208 2973 315 3028 minime
342 2972 435 3026 debuit
457 2973 588 3038 dubitari,
613 2973 678 3043 quin
700 2973 875 3028 Aristarchus
896 2973 1071 3030 describatur.
1112 2972 1211 3027 Maiori

209 3042 265 3096 iure
284 3041 404 3097 dubitari
420 3041 567 3108 potuisset,
593 3058 681 3097 ennon
705 3041 776 3096 idem
795 3044 876 3096 etiam
894 3043 1016 3110 proxime
1034 3041 1210 3096 antecedente

208 3125 288 3166 versu
307 3110 421 3165 Ausonii
439 3109 603 3164 landaretur.

276 3198 313 3264 14)
331 3195 480 3250 Notissima
498 3202 539 3248 est
556 3192 668 3251 historia
687 3212 721 3250 ex
738 3197 840 3252 Donati
857 3197 922 3251 Vita
938 3195 1012 3266 Virg.
1032 3197 1056 3265 ἓ.
1069 3199 1111 3250 52.
1129 3199 1170 3250 59.
1182 3200 1211 3248 et

210 3263 311 3320 lusibus
329 3270 479 3333 poetarum.
515 3264 560 3317 Ad
582 3281 639 3319 rem
657 3282 710 3320 non
727 3267 798 3320 male
816 3270 967 3334 congruunt
984 3279 1077 3319 verens
1094 3263 1211 3332 Eugenii

209 3331 297 3388 Praei.
316 3333 350 3387 ad
370 3332 511 3386 Dracontii
528 3332 657 3389 Hexaem.
678 3350 694 3388 a
711 3334 835 3389 Fabricio
854 3335 943 3389 allati:

314 3401 416 3468 Quodsi
434 3399 571 3468 Virgilius,
590 3407 618 3454 et
635 3406 725 3456 vatum
744 3418 870 3472 summus,
890 3403 1032 3469 Homerus,

317 3473 458 3523 Censorem
477 3487 593 3522 meram
609 3488 700 3521 novam
714 3481 774 3536 post
790 3473 848 3529 fota
865 3473 959 3539 subire,

314 3538 402 3605 Quem
420 3536 466 3591 dat
485 3536 666 3605 Aristarchus,
685 3538 784 3608 Tucca,
802 3538 962 3609 Variusque,
979 3539 1137 3606 Probnsque
1156 3564 1188 3577 -·

279 3625 316 3693 1⁵)
337 3622 523 3687 Δοκιμώτατοι
552 3620 740 3692 spaniarum
760 3623 834 3693 apud
855 3625 954 3679 Athen.
978 3625 1028 3678 111.
1055 3639 1083 3691 p.
1103 3626 1160 3677 116.
1178 3623 1212 3678 D.

215 3686 287 3751 Τινὲς
305 3687 457 3762 liparem,
481 3692 498 3743 ὅ
518 3692 592 3743 ἐστιν
616 3691 822 3762 ἀκριβεστέρων
841 3691 1049 3762 Γραμματικῶν.
1085 3691 1212 3746 Eustath.

213 3773 238 3825 p.
256 3761 316 3831 773.
