3034 4434
231 820 243 857 ⁸
313 818 437 877 Abiecta
458 835 527 890 ergo
547 833 614 890 spe,
641 814 702 876 fore
724 835 863 891 unquam,
891 824 922 876 ut
945 818 1109 878 Carmiuum
1129 820 1266 879 Homeri·

257 912 354 955 corum
368 911 442 968 quae
456 894 589 968 primitus
602 891 691 952 fuerit
704 892 805 967 forma,
820 895 889 953 alibi
903 913 988 967 quam
1003 897 1032 953 111
1045 903 1140 954 mente
1153 905 1265 962 nostra,

150 1040 152 1043 y
257 978 287 1030 et
306 971 337 1030 id
358 972 473 1044 quidem
493 971 613 1030 rudibus
633 972 727 1043 lineis,
748 970 818 1044 fingi
839 981 936 1045 queat,
959 974 1165 1045 experiendum
1183 975 1265 1032 vide-

256 1049 358 1121 batur,
380 1065 435 1120 quo
455 1066 508 1107 nos
528 1049 558 1106 in
579 1048 757 1121 expoliendis
778 1049 823 1107 his
844 1049 971 1107 aeternis
992 1056 1022 1107 et
1043 1051 1133 1108 unicis
1156 1051 1264 1109 Graeci

256 1126 367 1198 ingenii
385 1126 515 1197 reliquiis
529 1127 653 1198 vestigia
674 1125 855 1197 antiquitatis
870 1126 1017 1184 ducerent.
1058 1129 1149 1198 Quam
1164 1144 1265 1186 curam

257 1218 344 1274 quum
363 1204 439 1261 inter
460 1206 503 1260 tot
523 1202 647 1274 diversa,
668 1218 742 1273 quae
756 1203 859 1261 melior
874 1219 972 1260 earum
988 1204 1144 1262 illustratio
1158 1206 1263 1276 poscit,

256 1280 378 1353 primam
399 1286 428 1338 et
447 1279 568 1337 maxime
589 1280 783 1338 necessariam
803 1296 868 1337 esse
882 1296 1039 1352 censerem,
1060 1281 1114 1338 hac
1129 1281 1264 1339 editione

256 1355 373 1415 adeam
387 1358 429 1415 ita
444 1357 569 1414 animum
582 1357 718 1430 applicui,
733 1361 766 1413 ut
779 1357 966 1415 accuratioris
980 1358 1165 1429 recensionis
1181 1359 1264 1415 euius

255 1433 371 1493 modurn
392 1450 480 1507 supra
500 1433 659 1506 designavi,
680 1434 826 1506 specimen
849 1433 956 1492 darem.
997 1434 1031 1491 ld
1045 1435 1172 1493 Homero
1193 1451 1265 1493 non-

257 1510 326 1568 dum
340 1512 505 1583 contigisse,
524 1512 601 1568 inter
615 1510 744 1569 eruditos
759 1516 880 1569 11111111.
915 1512 990 1570 Nam
1003 1512 1263 1569 instrumentorum

256 1586 360 1647 idoneo
374 1604 492 1648 numero
507 1594 639 1646 carentes
653 1588 778 1646 antehac
792 1588 919 1647 editores
934 1605 970 1646 ne
984 1593 1120 1661 poteraut
1134 1588 1261 1659 quidem,

257 1665 282 1722 si
295 1666 462 1738 voluissent,
481 1666 541 1724 tale
556 1665 704 1723 eonsilium
719 1665 806 1722 inire:
827 1667 925 1736 itaque
939 1667 1117 1738 plerumque,
1137 1665 1193 1721 nisi
1210 1681 1261 1722 eos

256 1739 331 1801 forte
351 1744 455 1816 aliquis
475 1759 586 1815 pannus
607 1740 714 1799 Scholii
734 1742 781 1797 vel
800 1742 947 1798 Eustathii
967 1741 1110 1799 codicisve
1132 1741 1263 1799 varietas

256 1825 457 1891 commoveret,
478 1817 580 1876 obviae
600 1815 803 1890 perspicuitati
822 1817 1029 1873 sententiarum
1045 1831 1146 1871 secure
1161 1817 1262 1874 indor-

256 1895 393 1954 miebant.
431 1894 514 1952 Adeo
534 1893 660 1950 Homero
682 1890 803 1961 insignis
823 1907 877 1948 sua
896 1892 959 1947 laus
973 1891 1146 1947 tenuitatem
1161 1893 1263 1949 attulit

259 1975 289 2028 11
307 1971 438 2041 maciem,
459 1985 546 2039 quum
566 1968 616 2024 alii
636 1967 714 2024 vitiis
728 1967 787 2023 suis
801 1967 1032 2039 pinguescerent.
1060 1967 1262 2038 Lycophronis

258 2045 393 2104 tenebras
421 2045 446 2103 si
470 2044 637 2114 obiecisset,
662 2043 766 2099 mirmn
786 2044 815 2099 ni
837 2045 864 2100 ei
890 2043 944 2101 toti
969 2059 1074 2115 greges
1098 2043 1264 2104 baiulorum

257 2121 315 2180 iam
335 2120 443 2179 dudum
462 2120 555 2179 lucem
575 2119 764 2190 undecunque
785 2126 998 2192 apportassent.
1038 2121 1103 2180 Non
1124 2137 1179 2192 ego
1202 2124 1264 2178 cui·

255 2214 341 2268 quam
361 2213 468 2268 eorum,
490 2197 538 2269 qui
558 2201 673 2268 poetam
693 2197 761 2255 olim
782 2197 943 2269 ediderunt,
965 2198 1034 2255 vitio
1056 2203 1174 2268 vertam,
1196 2204 1256 2257 tarn

254 2290 357 2348 parum
376 2272 505 2332 studiose
525 2273 562 2331 ab
582 2273 618 2331 iis
632 2273 812 2341 membranas
827 2280 858 2334 et
870 2275 1007 2346 reliquias
1023 2275 1202 2333 Scholiorum
1226 2292 1263 2333 ex

256 2350 439 2410 bibliothecis
459 2350 636 2422 conquisitas
663 2366 741 2410 esse:
768 2350 799 2409 id
823 2350 957 2411 fortunae
981 2353 1074 2424 magis
1103 2357 1148 2409 est
1174 2369 1262 2422 quam

255 2429 365 2500 ingenii
389 2432 441 2486 aut
465 2427 640 2486 industriae:
667 2445 831 2502 quanquam
855 2430 1000 2500 nonnulli,
1031 2436 1064 2486 ut
1092 2429 1261 2500 Berglerus,

257 2505 345 2564 etiam
365 2504 476 2564 oblatas
498 2505 638 2565 eiusmodi
657 2523 728 2579 opes
742 2512 928 2579 spreverunt3
949 2506 1014 2564 aliis
1028 2510 1134 2576 autem,
1155 2505 1261 2563 111111-

231 2582 320 2640 elicis
346 2581 519 2654 editoribus,
541 2599 639 2641 earum
660 2582 833 2642 utendarum
852 2581 975 2640 facultas
996 2583 1025 2639 in
1053 2583 1157 2639 vicinia
1184 2587 1257 2639 erat.

256 2660 290 2718 Iu
309 2659 354 2716 his
374 2657 470 2730 rebus
492 2664 524 2716 ut
543 2658 611 2731 dixi,
632 2676 717 2718 casus
738 2659 910 2717 dominatur.
950 2658 1009 2716 Sed
1029 2658 1106 2729 quod
1126 2675 1163 2715 111
1183 2658 1260 2716 1111

256 2735 381 2807 quidem,
394 2737 477 2805 ‘quae
496 2736 574 2808 apud
594 2736 725 2808 vulgatos
746 2737 912 2808 scriptores,
926 2734 1142 2794 Grammaticos
1158 2740 1188 2793 et
1201 2735 1260 2792 Le·

255 2812 447 2885 xicographos
468 2812 653 2885 inpromptu
674 2816 767 2884 erant,
787 2828 842 2870 nec
860 2817 1000 2884 congesta
1019 2812 1055 2870 ab
1077 2813 1135 2870 ullo
1151 2828 1260 2884 eorum,

257 2904 351 2960 neque
372 2889 409 2946 ad
431 2888 661 2947 constituendum
681 2894 792 2947 textum
811 2888 942 2947 adbibita
962 2895 1043 2961 sunt,
1075 2888 1105 2945 id
1132 2890 1186 2946 soli
1210 2905 1260 2947 ne-

258 2965 415 3038 gligentiae
429 2981 463 3023 ac
475 2965 588 3023 levitati
601 2965 801 3040 imputandum
822 2965 939 3024 dixeris.
968 2966 1044 3023 Nam
1057 2966 1121 3037 quis
1134 2966 1259 3038 primum

257 3042 371 3101 evolvat
390 3060 416 3100 v.
431 3058 455 3100 1.
470 3041 654 3115 Apollonium
667 3043 832 3115 Dyscolum,
852 3042 1082 3114 Etymologicum
1096 3043 1147 3114 M,
1167 3043 1260 3114 Hesy-

257 3118 360 3191 cbium,
375 3119 444 3190 quin
458 3117 1260 3196 111111111111,1111111111111111111111διττογραφίας

257 3195 370 3254 latere?
391 3200 424 3253 ut
442 3194 527 3254 huius
548 3203 627 3255 certe
641 3198 685 3256 rei
697 3197 838 3257 monitore
852 3213 936 3255 nemo
950 3202 1059 3268 egeret.
1086 3195 1127 3253 At
1138 3197 1258 3255 minoris

258 3287 365 3344 operae
386 3277 441 3342 est,
461 3273 591 3345 virgulae
612 3273 726 3332 cuidam
746 3273 861 3333 divinae
880 3271 980 3344 fidere,
1001 3273 1027 3330 si
1046 3271 1117 3344 quid
1131 3289 1166 3330 ea
1180 3274 1256 3330 111111

193 3353 194 3356 ’
258 3348 351 3421 ipsam
371 3365 470 3408 euram
489 3348 596 3408 edendi
608 3351 719 3423 offerat,
740 3368 826 3423 quam
839 3356 884 3410 tot
897 3356 957 3408 tam
971 3350 1092 3408 tetricae
1106 3350 1256 3408 doctrinae

258 3424 347 3485 libros
368 3431 510 3500 tractare,
530 3427 625 3486 animo
646 3427 684 3486 ad
704 3444 791 3487 unum
810 3445 883 3501 opus
903 3429 1024 3485 intento.
1065 3425 1161 3498 Quid?
1181 3426 1259 3497 quod

259 3518 308 3561 eos
329 3517 365 3561 ne
385 3502 571 3562 Eustathium
591 3504 720 3577 quidem,
742 3505 789 3563 oui
808 3521 907 3563 omnes
927 3504 1174 3577 interpretationis
1195 3504 1257 3561 Ho-

257 3579 382 3638 mericae
402 3580 528 3652 palmam
549 3579 670 3653 dabant,
692 3587 785 3641 totum
805 3586 973 3640 constanter
991 3581 1206 3655 pervolutasse,
1228 3585 1259 3637 et

257 3672 332 3727 quae
364 3656 432 3715 huic
463 3657 561 3716 insunt
593 3658 677 3716 utilia
711 3659 904 3732 excerpsisse,
938 3658 1056 3730 quaevis
1088 3657 1259 3731 Rhapsodia

257 3734 363 3805 arguit.
